@article{lyndenbell74,
	adsnote = {Provided by the SAO/NASA Astrophysics Data System},
	adsurl = {http://adsabs.harvard.edu/abs/1974MNRAS.168..603L},
	author = {{Lynden-Bell}, D. and {Pringle}, J.~E.},
	journal = {\mnras},
	month = sep,
	pages = {603--637},
	title = {{The evolution of viscous discs and the origin of the nebular variables.}},
	volume = 168,
	year = 1974
}

@BOOK{thompson17,
   author = {{Thompson}, A.~R. and {Moran}, J.~M. and {Swenson}, Jr., G.~W.
	},
    title = "{Interferometry and Synthesis in Radio Astronomy, 3rd Edition}",
 keywords = {Physics},
booktitle = {Interferometry and Synthesis in Radio Astronomy, by A.~Richard Thompson, James M.~Moran, and George W.~Swenson, Jr.~3rd ed.~Springer, 2017.},
     year = 2017,
      doi = {10.1007/978-3-319-44431-4},
   adsurl = {http://adsabs.harvard.edu/abs/2017isra.book.....T},
  adsnote = {Provided by the SAO/NASA Astrophysics Data System}
}


@ARTICLE{tazzari18,
       author = {{Tazzari}, Marco and {Beaujean}, Frederik and {Testi}, Leonardo},
        title = "{GALARIO: a GPU accelerated library for analysing radio interferometer
        observations}",
      journal = {\mnras},
     keywords = {methods: numerical, techniques: interferometric, submillimetre: general,
        Astrophysics - Instrumentation and Methods for Astrophysics,
        Astrophysics - Cosmology and Nongalactic Astrophysics,
        Astrophysics - Earth and Planetary Astrophysics, Astrophysics -
        Astrophysics of Galaxies, Astrophysics - Solar and Stellar
        Astrophysics},
         year = 2018,
        month = Jun,
       volume = {476},
        pages = {4527-4542},
          doi = {10.1093/mnras/sty409},
 primaryClass = {astro-ph.IM},
       adsurl = {https://ui.adsabs.harvard.edu/#abs/2018MNRAS.476.4527T},
      adsnote = {Provided by the SAO/NASA Astrophysics Data System}
}



@INPROCEEDINGS{schwab84,
       author = {{Schwab}, F.~R.},
        title = "{Optimal Gridding of Visibility Data in Radio Interferometry}",
    booktitle = {Indirect Imaging. Measurement and Processing for Indirect Imaging},
         year = 1984,
       editor = {{Roberts}, J.~A.},
        month = Jan,
        pages = {333-346},
       adsurl = {https://ui.adsabs.harvard.edu/#abs/1984iimp.conf..333S},
      adsnote = {Provided by the SAO/NASA Astrophysics Data System}
}

@BOOK{bracewell00,
   author = {{Bracewell}, R.~N.},
    title = "{The Fourier transform and its applications}",
booktitle = {The Fourier transform and its applications / Ronald N.~Bracewell.~Boston : McGraw Hill, c2000.~(McGraw-Hill series in electrical and computer engineering.~Circuits and systems)},
     year = 2000,
   adsurl = {http://adsabs.harvard.edu/abs/2000fta..book.....B},
  adsnote = {Provided by the SAO/NASA Astrophysics Data System}
}



@BOOK{synthesis99,
    author = {{Taylor}, G.B. and {Carilli}, C. L. and {Perley}, R. A.},
    title = "{Synthesis Imaging in Radio Astronomy II}",
booktitle = {Synthesis Imaging in Radio Astronomy II},
     year = 1999,
   series = {Astronomical Society of the Pacific Conference Series},
   volume = {180},
    month = Jan,
   adsurl = {https://ui.adsabs.harvard.edu/#abs/1999ASPC..180.....T},
  adsnote = {Provided by the SAO/NASA Astrophysics Data System}
}


@ARTICLE{hezaveh13,
   author = {{Hezaveh}, Y.~D. and {Marrone}, D.~P. and {Fassnacht}, C.~D. and 
	{Spilker}, J.~S. and {Vieira}, J.~D. and {Aguirre}, J.~E. and 
	{Aird}, K.~A. and {Aravena}, M. and {Ashby}, M.~L.~N. and {Bayliss}, M. and 
	{Benson}, B.~A. and {Bleem}, L.~E. and {Bothwell}, M. and {Brodwin}, M. and 
	{Carlstrom}, J.~E. and {Chang}, C.~L. and {Chapman}, S.~C. and 
	{Crawford}, T.~M. and {Crites}, A.~T. and {De Breuck}, C. and 
	{de Haan}, T. and {Dobbs}, M.~A. and {Fomalont}, E.~B. and {George}, E.~M. and 
	{Gladders}, M.~D. and {Gonzalez}, A.~H. and {Greve}, T.~R. and 
	{Halverson}, N.~W. and {High}, F.~W. and {Holder}, G.~P. and 
	{Holzapfel}, W.~L. and {Hoover}, S. and {Hrubes}, J.~D. and 
	{Husband}, K. and {Hunter}, T.~R. and {Keisler}, R. and {Lee}, A.~T. and 
	{Leitch}, E.~M. and {Lueker}, M. and {Luong-Van}, D. and {Malkan}, M. and 
	{McIntyre}, V. and {McMahon}, J.~J. and {Mehl}, J. and {Menten}, K.~M. and 
	{Meyer}, S.~S. and {Mocanu}, L.~M. and {Murphy}, E.~J. and {Natoli}, T. and 
	{Padin}, S. and {Plagge}, T. and {Reichardt}, C.~L. and {Rest}, A. and 
	{Ruel}, J. and {Ruhl}, J.~E. and {Sharon}, K. and {Schaffer}, K.~K. and 
	{Shaw}, L. and {Shirokoff}, E. and {Stalder}, B. and {Staniszewski}, Z. and 
	{Stark}, A.~A. and {Story}, K. and {Vanderlinde}, K. and {Wei{\ss}}, A. and 
	{Welikala}, N. and {Williamson}, R.},
    title = "{ALMA Observations of SPT-discovered, Strongly Lensed, Dusty, Star-forming Galaxies}",
  journal = {\apj},
archivePrefix = "arXiv",
   eprint = {1303.2722},
 keywords = {galaxies: high-redshift, galaxies: starburst, gravitational lensing: strong, techniques: interferometric},
     year = 2013,
    month = apr,
   volume = 767,
      eid = {132},
    pages = {132},
      doi = {10.1088/0004-637X/767/2/132},
   adsurl = {http://adsabs.harvard.edu/abs/2013ApJ...767..132H},
  adsnote = {Provided by the SAO/NASA Astrophysics Data System}
}


@ARTICLE{teague18a,
   author = {{Teague}, R. and {Bae}, J. and {Bergin}, E.~A. and {Birnstiel}, T. and 
	{Foreman-Mackey}, D.},
    title = "{A Kinematical Detection of Two Embedded Jupiter-mass Planets in HD 163296}",
  journal = {\apjl},
archivePrefix = "arXiv",
   eprint = {1805.10290},
 primaryClass = "astro-ph.EP",
 keywords = {hydrodynamics, planet{\ndash}disk interactions, protoplanetary disks, techniques: interferometric},
     year = 2018,
    month = jun,
   volume = 860,
      eid = {L12},
    pages = {L12},
      doi = {10.3847/2041-8213/aac6d7},
   adsurl = {http://adsabs.harvard.edu/abs/2018ApJ...860L..12T},
  adsnote = {Provided by the SAO/NASA Astrophysics Data System}
}


@ARTICLE{teague18b,
       author = {{Teague}, Richard and {Foreman-Mackey}, Daniel},
        title = "{A Robust Method to Measure Centroids of Spectral Lines}",
      journal = {Research Notes of the American Astronomical Society},
     keywords = {Astrophysics - Instrumentation and Methods for Astrophysics},
         year = 2018,
        month = Sep,
       volume = {2},
          eid = {173},
        pages = {173},
          doi = {10.3847/2515-5172/aae265},
 primaryClass = {astro-ph.IM},
       adsurl = {https://ui.adsabs.harvard.edu/#abs/2018RNAAS...2c.173T},
      adsnote = {Provided by the SAO/NASA Astrophysics Data System}
}


@ARTICLE{teague18c,
       author = {{Teague}, Richard and {Bae}, Jaehan and {Birnstiel}, Tilman and
        {Bergin}, Edwin},
        title = "{Evidence For A Vertical Dependence on the Pressure Structure in AS 209}",
      journal = {ArXiv e-prints},
     keywords = {Astrophysics - Earth and Planetary Astrophysics},
         year = 2018,
        month = Oct,
          eid = {arXiv:1810.04961},
        pages = {arXiv:1810.04961},
archivePrefix = {arXiv},
       eprint = {1810.04961},
 primaryClass = {astro-ph.EP},
       adsurl = {https://ui.adsabs.harvard.edu/#abs/2018arXiv181004961T},
      adsnote = {Provided by the SAO/NASA Astrophysics Data System}
}

@ARTICLE{yen16,
       author = {{Yen}, Hsi-Wei and {Koch}, Patrick M. and {Liu}, Hauyu Baobab and
        {Puspitaningrum}, Evaria and {Hirano}, Naomi and {Lee}, Chin-Fei
        and {Takakuwa}, Shigehisa},
        title = "{Stacking Spectra in Protoplanetary Disks: Detecting Intensity Profiles
        from Hidden Molecular Lines in HD 163296}",
      journal = {\apj},
     keywords = {ISM: individual objects: HD 163296, line: profiles, protoplanetary
        disks, Astrophysics - Solar and Stellar Astrophysics,
        Astrophysics - Earth and Planetary Astrophysics, Astrophysics -
        Astrophysics of Galaxies},
         year = 2016,
        month = Dec,
       volume = {832},
          eid = {204},
        pages = {204},
          doi = {10.3847/0004-637X/832/2/204},
 primaryClass = {astro-ph.SR},
       adsurl = {https://ui.adsabs.harvard.edu/#abs/2016ApJ...832..204Y},
      adsnote = {Provided by the SAO/NASA Astrophysics Data System}
}



@ARTICLE{yen18,
       author = {{Yen}, Hsi-Wei and {Koch}, Patrick M. and {Manara}, Carlo F. and
        {Miotello}, Anna and {Testi}, Leonardo},
        title = "{Stellar masses and disk properties of Lupus young stellar objects traced
        by velocity-aligned stacked ALMA $^{13}$CO and C$^{18}$O spectra}",
      journal = {\aap},
     keywords = {protoplanetary disks, circumstellar matter, stars: protostars, ISM:
        kinematics and dynamics, Astrophysics - Astrophysics of
        Galaxies, Astrophysics - Solar and Stellar Astrophysics},
         year = 2018,
        month = Aug,
       volume = {616},
          eid = {A100},
        pages = {A100},
          doi = {10.1051/0004-6361/201732196},
 primaryClass = {astro-ph.GA},
       adsurl = {https://ui.adsabs.harvard.edu/#abs/2018A&A...616A.100Y},
      adsnote = {Provided by the SAO/NASA Astrophysics Data System}
}




@article{stassun14,
	adsnote = {Provided by the SAO/NASA Astrophysics Data System},
	adsurl = {http://adsabs.harvard.edu/abs/2014NewAR..60....1S},
	archiveprefix = {arXiv},
	author = {{Stassun}, K.~G. and {Feiden}, G.~A. and {Torres}, G.},
	doi = {10.1016/j.newar.2014.06.001},
	eprint = {1406.3788},
	journal = {\nar},
	month = jun,
	pages = {1--28},
	primaryclass = {astro-ph.SR},
	title = {{Empirical tests of pre-main-sequence stellar evolution models with eclipsing binaries}},
	volume = 60,
	year = 2014
}

@article{cazzoletti17,
	adsnote = {Provided by the SAO/NASA Astrophysics Data System},
	adsurl = {http://adsabs.harvard.edu/abs/2017A\%26A...599A.102C},
	archiveprefix = {arXiv},
	author = {{Cazzoletti}, P. and {Ricci}, L. and {Birnstiel}, T. and {Lodato}, G.},
	doi = {10.1051/0004-6361/201629721},
	eid = {A102},
	eprint = {1610.08381},
	journal = {\aap},
	keywords = {protoplanetary disks, hydrodynamics, accretion, accretion disks, binaries: close, planets and satellites: rings},
	month = mar,
	pages = {A102},
	primaryclass = {astro-ph.SR},
	title = {{Testing dust trapping in the circumbinary disk around GG Tauri A}},
	volume = 599,
	year = 2017
}

@article{akaike73,
	author = {Akaike, H.},
	issn = {},
	journal = {Proceeding of the Second International Symposium on Information Theory, B.N. Petrov and F. Caski},
	month = {},
	number = {},
	pages = {267--281},
	publisher = {Akademiai Kiado},
	title = {{Information theory and an extension of the maximum likelihood principle}},
	url = {http://ci.nii.ac.jp/naid/20000500333/en/},
	volume = {},
	year = {1973}
}

@article{gaia16,
	adsnote = {Provided by the SAO/NASA Astrophysics Data System},
	adsurl = {http://adsabs.harvard.edu/abs/2016A\%26A...595A...2G},
	archiveprefix = {arXiv},
	author = {{Gaia Collaboration} and {Brown}, A.~G.~A. and {Vallenari}, A. and {Prusti}, T. and {de Bruijne}, J.~H.~J. and {Mignard}, F. and {Drimmel}, R. and {Babusiaux}, C. and {Bailer-Jones}, C.~A.~L. and {Bastian}, U. and et al.},
	doi = {10.1051/0004-6361/201629512},
	eid = {A2},
	eprint = {1609.04172},
	journal = {\aap},
	keywords = {catalogs, astrometry, parallaxes, proper motions, surveys},
	month = nov,
	pages = {A2},
	primaryclass = {astro-ph.IM},
	title = {{Gaia Data Release 1. Summary of the astrometric, photometric, and survey properties}},
	volume = 595,
	year = 2016
}

@article{villa17,
	adsnote = {Provided by the SAO/NASA Astrophysics Data System},
	adsurl = {http://adsabs.harvard.edu/abs/2017RMxAA..53..525V},
	archiveprefix = {arXiv},
	author = {{Villa}, A.~M. and {Trinidad}, M.~A. and {de la Fuente}, E. and {Rodr\'{\i}guez-Esnard}, T.},
	eprint = {1710.00281},
	journal = {\rmxaa},
	keywords = {astrometry, binaries: general, circumstellar matter, ISM: individual (L1551 IRS 5), stars: formation},
	month = oct,
	pages = {525--531},
	primaryclass = {astro-ph.SR},
	title = {{Proper motions of L1551 IRS 5 binary system using 7 mm VLA observations}},
	volume = 53,
	year = 2017
}

@misc{sivia06,
	author = {Sivia, DS and Skilling, J},
	publisher = {Oxford University Press},
	title = {{Data analysis: a Bayesian tutorial.}},
	year = 2006
}

@article{kochanek17,
	adsnote = {Provided by the SAO/NASA Astrophysics Data System},
	adsurl = {http://adsabs.harvard.edu/abs/2017PASP..129j4502K},
	archiveprefix = {arXiv},
	author = {{Kochanek}, C.~S. and {Shappee}, B.~J. and {Stanek}, K.~Z. and {Holoien}, T.~W.-S. and {Thompson}, T.~A. and {Prieto}, J.~L. and {Dong}, S. and {Shields}, J.~V. and {Will}, D. and {Britt}, C. and {Perzanowski}, D. and {Pojma{\'n}ski}, G.},
	doi = {10.1088/1538-3873/aa80d9},
	eprint = {1706.07060},
	journal = {\pasp},
	month = oct,
	number = 10,
	pages = {104502},
	primaryclass = {astro-ph.SR},
	title = {{The All-Sky Automated Survey for Supernovae (ASAS-SN) Light Curve Server v1.0}},
	volume = 129,
	year = 2017
}

@article{shevchenko93,
	adsnote = {Provided by the SAO/NASA Astrophysics Data System},
	adsurl = {http://adsabs.harvard.edu/abs/1993Ap\%26SS.202..121S},
	author = {{Shevchenko}, V.~S. and {Grankin}, K.~N. and {Ibragimov}, M.~A. and {Mel'Nikov}, S.~Y. and {Yakubov}, S.~D.},
	doi = {10.1007/BF00626922},
	journal = {\apss},
	keywords = {A Stars, Annual Variations, B Stars, Light Curve, Digital Systems, Image Classification, Power Spectra, Ubv Spectra},
	month = apr,
	pages = {121--154},
	title = {{Periodic phenomena in Ae/Be Herbig stars light curves. I - Light curves classification and digital analysis methods. II - Results and probable interpretation for selected stars}},
	volume = 202,
	year = 1993
}

@article{buchhave12,
	adsnote = {Provided by the SAO/NASA Astrophysics Data System},
	adsurl = {http://adsabs.harvard.edu/abs/2012Natur.486..375B},
	author = {{Buchhave}, L.~A. and {Latham}, D.~W. and {Johansen}, A. and {Bizzarro}, M. and {Torres}, G. and {Rowe}, J.~F. and {Batalha}, N.~M. and {Borucki}, W.~J. and {Brugamyer}, E. and {Caldwell}, C. and {Bryson}, S.~T. and {Ciardi}, D.~R. and {Cochran}, W.~D. and {Endl}, M. and {Esquerdo}, G.~A. and {Ford}, E.~B. and {Geary}, J.~C. and {Gilliland}, R.~L. and {Hansen}, T. and {Isaacson}, H. and {Laird}, J.~B. and {Lucas}, P.~W. and {Marcy}, G.~W. and {Morse}, J.~A. and {Robertson}, P. and {Shporer}, A. and {Stefanik}, R.~P. and {Still}, M. and {Quinn}, S.~N.},
	doi = {10.1038/nature11121},
	journal = {\nat},
	month = jun,
	pages = {375--377},
	title = {{An abundance of small exoplanets around stars with a wide range of metallicities}},
	volume = 486,
	year = 2012
}

@article{hartmann98,
	adsnote = {Provided by the SAO/NASA Astrophysics Data System},
	adsurl = {http://adsabs.harvard.edu/abs/1998ApJ...495..385H},
	author = {{Hartmann}, L. and {Calvet}, N. and {Gullbring}, E. and {D'Alessio}, P.},
	doi = {10.1086/305277},
	journal = {\apj},
	keywords = {ACCRETION, ACCRETION DISKS, STARS: CIRCUMSTELLAR MATTER, STARS: FORMATION, STARS: PRE-MAIN-SEQUENCE},
	month = mar,
	pages = {385},
	title = {{Accretion and the Evolution of T Tauri Disks}},
	volume = 495,
	year = 1998
}

@inproceedings{henkel94,
	adsnote = {Provided by the SAO/NASA Astrophysics Data System},
	adsurl = {http://adsabs.harvard.edu/abs/1994LNP...439...72H},
	author = {{Henkel}, C. and {Wilson}, T.~L. and {Langer}, N. and {Chin}, Y.-N. and {Mauersberger}, R.},
	booktitle = {{The Structure and Content of Molecular Clouds}},
	doi = {10.1007/3540586210_5},
	editor = {{Wilson}, T.~L. and {Johnston}, K.~J.},
	pages = {72--88},
	series = {{Lecture Notes in Physics, Berlin Springer Verlag}},
	title = {{Interstellar CNO Isotope Ratios}},
	volume = 439,
	year = 1994
}

@article{prantzos96,
	adsnote = {Provided by the SAO/NASA Astrophysics Data System},
	adsurl = {http://adsabs.harvard.edu/abs/1996A\%26A...309..760P},
	author = {{Prantzos}, N. and {Aubert}, O. and {Audouze}, J.},
	journal = {\aap},
	keywords = {GALAXY: ABUNDANCES, EVOLUTION, ISM: ABUNDANCES, NUCLEOSYNTHESIS, STARS: ABUNDANCES},
	month = may,
	pages = {760--774},
	title = {{Evolution of the carbon and oxygen isotopes in the Galaxy.}},
	volume = 309,
	year = 1996
}

@article{qi08,
	adsnote = {Provided by the SAO/NASA Astrophysics Data System},
	adsurl = {http://adsabs.harvard.edu/abs/2008ApJ...681.1396Q},
	archiveprefix = {arXiv},
	author = {{Qi}, C. and {Wilner}, D.~J. and {Aikawa}, Y. and {Blake}, G.~A. and {Hogerheijde}, M.~R.},
	doi = {10.1086/588516},
	eid = {1396-1407},
	eprint = {0803.2753},
	journal = {\apj},
	keywords = {circumstellar matter, comets: general, ISM: molecules, planetary systems: protoplanetary disks, stars: individual: TW Hydrae, stars: pre-main sequence},
	month = jul,
	pages = {1396--1407},
	title = {{Resolving the Chemistry in the Disk of TW Hydrae. I. Deuterated Species}},
	volume = 681,
	year = 2008
}

@article{czekala15a,
	adsnote = {Provided by the SAO/NASA Astrophysics Data System},
	adsurl = {http://adsabs.harvard.edu/abs/2015ApJ...806..154C},
	archiveprefix = {arXiv},
	author = {{Czekala}, I. and {Andrews}, S.~M. and {Jensen}, E.~L.~N. and {Stassun}, K.~G. and {Torres}, G. and {Wilner}, D.~J.},
	doi = {10.1088/0004-637X/806/2/154},
	eid = {154},
	eprint = {1505.01850},
	journal = {\apj},
	keywords = {protoplanetary disks, stars: fundamental parameters, stars: individual: AK Sco, stars: pre-main sequence},
	month = jun,
	pages = {154},
	primaryclass = {astro-ph.SR},
	title = {{A Disk-based Dynamical Mass Estimate for the Young Binary AK Sco}},
	volume = 806,
	year = 2015
}

@article{czekala15b,
	adsnote = {Provided by the SAO/NASA Astrophysics Data System},
	adsurl = {http://adsabs.harvard.edu/abs/2015ApJ...812..128C},
	archiveprefix = {arXiv},
	author = {{Czekala}, I. and {Andrews}, S.~M. and {Mandel}, K.~S. and {Hogg}, D.~W. and {Green}, G.~M.},
	doi = {10.1088/0004-637X/812/2/128},
	eid = {128},
	eprint = {1412.5177},
	journal = {\apj},
	keywords = {methods: data analysis, methods: statistical, stars: fundamental parameters, stars: late-type, stars: statistics, techniques: spectroscopic},
	month = oct,
	pages = {128},
	primaryclass = {astro-ph.SR},
	title = {{Constructing a Flexible Likelihood Function for Spectroscopic Inference}},
	volume = 812,
	year = 2015
}

@article{czekala16,
	adsnote = {Provided by the SAO/NASA Astrophysics Data System},
	adsurl = {http://adsabs.harvard.edu/abs/2016ApJ...818..156C},
	archiveprefix = {arXiv},
	author = {{Czekala}, I. and {Andrews}, S.~M. and {Torres}, G. and {Jensen}, E.~L.~N. and {Stassun}, K.~G. and {Wilner}, D.~J. and {Latham}, D.~W.},
	doi = {10.3847/0004-637X/818/2/156},
	eid = {156},
	eprint = {1601.03806},
	journal = {\apj},
	keywords = {protoplanetary disks, stars: fundamental parameters, stars: individual: DQ Tau, stars: pre-main sequence},
	month = feb,
	pages = {156},
	primaryclass = {astro-ph.SR},
	title = {{A Disk-based Dynamical Constraint on the Mass of the Young Binary DQ Tau}},
	volume = 818,
	year = 2016
}

@article{shevchenko98,
	adsnote = {Provided by the SAO/NASA Astrophysics Data System},
	adsurl = {http://adsabs.harvard.edu/abs/1998AstL...24..528S},
	author = {{Shevchenko}, V.~S. and {Grankin}, K.~N. and {Mel'Nikov}, S.~Y. and {Lamzin}, S.~A.},
	journal = {Astronomy Letters},
	month = jul,
	pages = {528--534},
	title = {{The quasi-Algol GW Ori: The nature of eclipses and estimation of the component masses}},
	volume = 24,
	year = 1998
}

@article{shevchenko92,
	adsnote = {Provided by the SAO/NASA Astrophysics Data System},
	adsurl = {http://adsabs.harvard.edu/abs/1992IBVS.3746....1S},
	author = {{Shevchenko}, V.~S. and {Grankin}, K.~N. and {Ibragimov}, M.~A. and {Melnikov}, S.~Y.},
	journal = {Information Bulletin on Variable Stars},
	month = jul,
	title = {{The Possible Eclipses in the T Tauri Spectroscopic Binary System GW Orionis}},
	volume = 3746,
	year = 1992
}

@article{berger11,
	adsnote = {Provided by the SAO/NASA Astrophysics Data System},
	adsurl = {http://adsabs.harvard.edu/abs/2011A\%26A...529L...1B},
	archiveprefix = {arXiv},
	author = {{Berger}, J.-P. and {Monnier}, J.~D. and {Millan-Gabet}, R. and {Renard}, S. and {Pedretti}, E. and {Traub}, W. and {Bechet}, C. and {Benisty}, M. and {Carleton}, N. and {Haguenauer}, P. and {Kern}, P. and {Labeye}, P. and {Longa}, F. and {Lacasse}, M. and {Malbet}, F. and {Perraut}, K. and {Ragland}, S. and {Schloerb}, P. and {Schuller}, P.~A. and {Thi{\'e}baut}, E.},
	doi = {10.1051/0004-6361/201016219},
	eid = {L1},
	eprint = {1103.3888},
	journal = {\aap},
	keywords = {binaries: general, stars: variables: T Tauri, Herbig Ae/Be, accretion, accretion disks, techniques: interferometric},
	month = may,
	pages = {L1},
	primaryclass = {astro-ph.SR},
	title = {{First astronomical unit scale image of the GW Orionis triple system. Direct detection of a new stellar companion}},
	volume = 529,
	year = 2011
}

@article{fang14,
	adsnote = {Provided by the SAO/NASA Astrophysics Data System},
	adsurl = {http://adsabs.harvard.edu/abs/2014A\%26A...570A.118F},
	archiveprefix = {arXiv},
	author = {{Fang}, M. and {Sicilia-Aguilar}, A. and {Roccatagliata}, V. and {Fedele}, D. and {Henning}, T. and {Eiroa}, C. and {M{\"u}ller}, A.},
	doi = {10.1051/0004-6361/201424146},
	eid = {A118},
	eprint = {1407.4959},
	journal = {\aap},
	keywords = {stars: pre-main sequence, binaries: spectroscopic, stars: individual: GW Orionis, accretion, accretion disks, line: profiles},
	month = oct,
	pages = {A118},
	primaryclass = {astro-ph.SR},
	title = {{GW Orionis: Inner disk readjustments in a triple system}},
	volume = 570,
	year = 2014
}

@article{astropy13,
	adsnote = {Provided by the SAO/NASA Astrophysics Data System},
	adsurl = {http://adsabs.harvard.edu/abs/2013A\%26A...558A..33A},
	archiveprefix = {arXiv},
	author = {{Astropy Collaboration} and {Robitaille}, T.~P. and {Tollerud}, E.~J. and {Greenfield}, P. and {Droettboom}, M. and {Bray}, E. and {Aldcroft}, T. and {Davis}, M. and {Ginsburg}, A. and {Price-Whelan}, A.~M. and {Kerzendorf}, W.~E. and {Conley}, A. and {Crighton}, N. and {Barbary}, K. and {Muna}, D. and {Ferguson}, H. and {Grollier}, F. and {Parikh}, M.~M. and {Nair}, P.~H. and {Unther}, H.~M. and {Deil}, C. and {Woillez}, J. and {Conseil}, S. and {Kramer}, R. and {Turner}, J.~E.~H. and {Singer}, L. and {Fox}, R. and {Weaver}, B.~A. and {Zabalza}, V. and {Edwards}, Z.~I. and {Azalee Bostroem}, K. and {Burke}, D.~J. and {Casey}, A.~R. and {Crawford}, S.~M. and {Dencheva}, N. and {Ely}, J. and {Jenness}, T. and {Labrie}, K. and {Lian Lim}, P. and {Pierfederici}, F. and {Pontzen}, A. and {Ptak}, A. and {Refsdal}, B. and {Servillat}, M. and {Streicher}, O.},
	doi = {10.1051/0004-6361/201322068},
	eid = {A33},
	eprint = {1307.6212},
	journal = {\aap},
	keywords = {methods: data analysis},
	month = oct,
	pages = {A33},
	primaryclass = {astro-ph.IM},
	title = {{Astropy: A community Python package for astronomy}},
	volume = 558,
	year = 2013
}

@article{czekala17,
	adsnote = {Provided by the SAO/NASA Astrophysics Data System},
	adsurl = {http://adsabs.harvard.edu/abs/2017ApJ...840...49C},
	archiveprefix = {arXiv},
	author = {{Czekala}, I. and {Mandel}, K.~S. and {Andrews}, S.~M. and {Dittmann}, J.~A. and {Ghosh}, S.~K. and {Montet}, B.~T. and {Newton}, E.~R.},
	doi = {10.3847/1538-4357/aa6aab},
	eid = {49},
	eprint = {1702.05652},
	journal = {\apj},
	keywords = {binaries: spectroscopic, celestial mechanics, stars: fundamental parameters, stars: individual: LP661-13, techniques: radial velocities, techniques: spectroscopic },
	month = may,
	pages = {49},
	primaryclass = {astro-ph.SR},
	title = {{Disentangling Time-series Spectra with Gaussian Processes: Applications to Radial Velocity Analysis}},
	volume = 840,
	year = 2017
}

@article{mathieu97,
	adsnote = {Provided by the SAO/NASA Astrophysics Data System},
	adsurl = {http://adsabs.harvard.edu/abs/1997AJ....113.1841M},
	author = {{Mathieu}, R.~D. and {Stassun}, K. and {Basri}, G. and {Jensen}, E.~L.~N. and {Johns-Krull}, C.~M. and {Valenti}, J.~A. and {Hartmann}, L.~W.},
	doi = {10.1086/118395},
	journal = {\aj},
	keywords = {STARS: INDIVIDUAL: DQ TAU, BINARIES: SPECTROSCOPIC},
	month = may,
	pages = {1841},
	title = {{The Classical T Tauri Spectroscopic Binary DQ Tau.I.Orbital Elements and Light Curves}},
	volume = 113,
	year = 1997
}

@article{bezanson17,
	author = {Bezanson, Jeff and Edelman, Alan and Karpinski, Stefan and Shah, Viral B},
	journal = {SIAM Review},
	number = {1},
	pages = {65--98},
	publisher = {SIAM},
	title = {{Julia: A fresh approach to numerical computing}},
	volume = {59},
	year = {2017}
}

@article{rosenfeld12a,
	adsnote = {Provided by the SAO/NASA Astrophysics Data System},
	adsurl = {http://adsabs.harvard.edu/abs/2012ApJ...757..129R},
	archiveprefix = {arXiv},
	author = {{Rosenfeld}, K.~A. and {Qi}, C. and {Andrews}, S.~M. and {Wilner}, D.~J. and {Corder}, S.~A. and {Dullemond}, C.~P. and {Lin}, S.-Y. and {Hughes}, A.~M. and {D'Alessio}, P. and {Ho}, P.~T.~P.},
	doi = {10.1088/0004-637X/757/2/129},
	eid = {129},
	eprint = {1208.1285},
	journal = {\apj},
	keywords = {circumstellar matter, protoplanetary disks, stars: individual: TW Hya},
	month = oct,
	pages = {129},
	primaryclass = {astro-ph.SR},
	title = {{Kinematics of the CO Gas in the Inner Regions of the TW Hya Disk}},
	volume = 757,
	year = 2012
}

@article{rosenfeld12b,
	adsnote = {Provided by the SAO/NASA Astrophysics Data System},
	adsurl = {http://adsabs.harvard.edu/abs/2012ApJ...759..119R},
	archiveprefix = {arXiv},
	author = {{Rosenfeld}, K.~A. and {Andrews}, S.~M. and {Wilner}, D.~J. and {Stempels}, H.~C.},
	doi = {10.1088/0004-637X/759/2/119},
	eid = {119},
	eprint = {1209.4407},
	journal = {\apj},
	keywords = {protoplanetary disks, stars: individual: V4046 Sgr},
	month = nov,
	pages = {119},
	primaryclass = {astro-ph.SR},
	title = {{A Disk-based Dynamical Mass Estimate for the Young Binary V4046 Sgr}},
	volume = 759,
	year = 2012
}

@article{rosenfeld13a,
	adsnote = {Provided by the SAO/NASA Astrophysics Data System},
	adsurl = {http://adsabs.harvard.edu/abs/2013ApJ...774...16R},
	archiveprefix = {arXiv},
	author = {{Rosenfeld}, K.~A. and {Andrews}, S.~M. and {Hughes}, A.~M. and {Wilner}, D.~J. and {Qi}, C.},
	doi = {10.1088/0004-637X/774/1/16},
	eid = {16},
	eprint = {1306.6475},
	journal = {\apj},
	keywords = {circumstellar matter, protoplanetary disks, stars: individual: HD 163296, submillimeter: general},
	month = sep,
	pages = {16},
	primaryclass = {astro-ph.SR},
	title = {{A Spatially Resolved Vertical Temperature Gradient in the HD 163296 Disk}},
	volume = 774,
	year = 2013
}

@article{rosenfeld13b,
	adsnote = {Provided by the SAO/NASA Astrophysics Data System},
	adsurl = {http://adsabs.harvard.edu/abs/2013ApJ...775..136R},
	archiveprefix = {arXiv},
	author = {{Rosenfeld}, K.~A. and {Andrews}, S.~M. and {Wilner}, D.~J. and {Kastner}, J.~H. and {McClure}, M.~K.},
	doi = {10.1088/0004-637X/775/2/136},
	eid = {136},
	eprint = {1308.4358},
	journal = {\apj},
	keywords = {circumstellar matter, planet-disk interactions, protoplanetary disks, stars: individual: V4046 Sgr, submillimeter: planetary systems },
	month = oct,
	pages = {136},
	primaryclass = {astro-ph.SR},
	title = {{The Structure of the Evolved Circumbinary Disk around V4046 Sgr}},
	volume = 775,
	year = 2013
}

@article{rosenfeld14,
	adsnote = {Provided by the SAO/NASA Astrophysics Data System},
	adsurl = {http://adsabs.harvard.edu/abs/2014ApJ...782...62R},
	archiveprefix = {arXiv},
	author = {{Rosenfeld}, K.~A. and {Chiang}, E. and {Andrews}, S.~M.},
	doi = {10.1088/0004-637X/782/2/62},
	eid = {62},
	eprint = {1312.3817},
	journal = {\apj},
	keywords = {accretion, accretion disks, protoplanetary disks, stars: pre-main sequence},
	month = feb,
	pages = {62},
	primaryclass = {astro-ph.SR},
	title = {{Fast Radial Flows in Transition Disk Holes}},
	volume = 782,
	year = 2014
}

@article{andrews05,
	adsnote = {Provided by the SAO/NASA Astrophysics Data System},
	adsurl = {http://adsabs.harvard.edu/abs/2005ApJ...631.1134A},
	author = {{Andrews}, S.~M. and {Williams}, J.~P.},
	doi = {10.1086/432712},
	eprint = {astro-ph/0506187},
	journal = {\apj},
	keywords = {Stars: Circumstellar Matter, Stars: Planetary Systems: Protoplanetary Disks, Solar System: Formation, Stars: Pre-Main-Sequence},
	month = oct,
	pages = {1134--1160},
	title = {{Circumstellar Dust Disks in Taurus-Auriga: The Submillimeter Perspective}},
	volume = 631,
	year = 2005
}

@article{andrews08,
	adsnote = {Provided by the SAO/NASA Astrophysics Data System},
	adsurl = {http://adsabs.harvard.edu/abs/2008ApJ...685.1039A},
	archiveprefix = {arXiv},
	author = {{Andrews}, S.~M. and {Liu}, M.~C. and {Williams}, J.~P. and {Allers}, K.~N.},
	doi = {10.1086/591417},
	eprint = {0806.4163},
	journal = {\apj},
	keywords = {Stars: Circumstellar Matter, Stars: Formation, stars: individual (IRAS 04158+2805), Stars: Low-Mass, Brown Dwarfs, Stars: Pre-Main-Sequence},
	month = oct,
	pages = {1039--1045},
	title = {{Submillimeter Observations of the Young Low-Mass Object IRAS 04158+2805}},
	volume = 685,
	year = 2008
}

@article{andrews09,
	adsnote = {Provided by the SAO/NASA Astrophysics Data System},
	adsurl = {http://adsabs.harvard.edu/abs/2009ApJ...700.1502A},
	archiveprefix = {arXiv},
	author = {{Andrews}, S.~M. and {Wilner}, D.~J. and {Hughes}, A.~M. and {Qi}, C. and {Dullemond}, C.~P.},
	doi = {10.1088/0004-637X/700/2/1502},
	eprint = {0906.0730},
	journal = {\apj},
	keywords = {accretion, accretion disks, circumstellar matter, planetary systems: protoplanetary disks, solar system: formation, stars: pre-main sequence},
	month = aug,
	pages = {1502--1523},
	primaryclass = {astro-ph.EP},
	title = {{Protoplanetary Disk Structures in Ophiuchus}},
	volume = 700,
	year = 2009
}

@article{andrews10a,
	adsnote = {Provided by the SAO/NASA Astrophysics Data System},
	adsurl = {http://adsabs.harvard.edu/abs/2010ApJ...710..462A},
	archiveprefix = {arXiv},
	author = {{Andrews}, S.~M. and {Czekala}, I. and {Wilner}, D.~J. and {Espaillat}, C. and {Dullemond}, C.~P. and {Hughes}, A.~M.},
	doi = {10.1088/0004-637X/710/1/462},
	eprint = {0912.3537},
	journal = {\apj},
	keywords = {binaries: spectroscopic, binaries: visual, circumstellar matter, protoplanetary disks, stars: pre-main sequence},
	month = feb,
	pages = {462--469},
	primaryclass = {astro-ph.SR},
	title = {{Truncated Disks in TW Hya Association Multiple Star Systems}},
	volume = 710,
	year = 2010
}

@article{andrews10b,
	adsnote = {Provided by the SAO/NASA Astrophysics Data System},
	adsurl = {http://adsabs.harvard.edu/abs/2010ApJ...723.1241A},
	archiveprefix = {arXiv},
	author = {{Andrews}, S.~M. and {Wilner}, D.~J. and {Hughes}, A.~M. and {Qi}, C. and {Dullemond}, C.~P.},
	doi = {10.1088/0004-637X/723/2/1241},
	eprint = {1007.5070},
	journal = {\apj},
	keywords = {accretion, accretion disks, circumstellar matter, planetary systems, protoplanetary disks, stars: pre-main sequence},
	month = nov,
	pages = {1241--1254},
	primaryclass = {astro-ph.SR},
	title = {{Protoplanetary Disk Structures in Ophiuchus. II. Extension to Fainter Sources}},
	volume = 723,
	year = 2010
}

@article{andrews11a,
	adsnote = {Provided by the SAO/NASA Astrophysics Data System},
	adsurl = {http://adsabs.harvard.edu/abs/2011ApJ...732...42A},
	archiveprefix = {arXiv},
	author = {{Andrews}, S.~M. and {Wilner}, D.~J. and {Espaillat}, C. and {Hughes}, A.~M. and {Dullemond}, C.~P. and {McClure}, M.~K. and {Qi}, C. and {Brown}, J.~M.},
	doi = {10.1088/0004-637X/732/1/42},
	eid = {42},
	eprint = {1103.0284},
	journal = {\apj},
	keywords = {circumstellar matter, planet-disk interactions, planets and satellites: formation, protoplanetary disks, submillimeter: planetary systems},
	month = may,
	pages = {42},
	title = {{Resolved Images of Large Cavities in Protoplanetary Transition Disks}},
	volume = 732,
	year = 2011
}

@article{andrews11b,
	adsnote = {Provided by the SAO/NASA Astrophysics Data System},
	adsurl = {http://adsabs.harvard.edu/abs/2011ApJ...742L...5A},
	archiveprefix = {arXiv},
	author = {{Andrews}, S.~M. and {Rosenfeld}, K.~A. and {Wilner}, D.~J. and {Bremer}, M.},
	doi = {10.1088/2041-8205/742/1/L5},
	eid = {L5},
	eprint = {1110.3865},
	journal = {\apjl},
	keywords = {circumstellar matter, planet-disk interactions, protoplanetary disks, stars: individual: LkCa 15, submillimeter: planetary systems},
	month = nov,
	pages = {L5},
	primaryclass = {astro-ph.EP},
	title = {{A Closer Look at the LkCa 15 Protoplanetary Disk}},
	volume = 742,
	year = 2011
}

@article{andrews12,
	adsnote = {Provided by the SAO/NASA Astrophysics Data System},
	adsurl = {http://adsabs.harvard.edu/abs/2012ApJ...744..162A},
	archiveprefix = {arXiv},
	author = {{Andrews}, S.~M. and {Wilner}, D.~J. and {Hughes}, A.~M. and {Qi}, C. and {Rosenfeld}, K.~A. and {{\"O}berg}, K.~I. and {Birnstiel}, T. and {Espaillat}, C. and {Cieza}, L.~A. and {Williams}, J.~P. and {Lin}, S.-Y. and {Ho}, P.~T.~P.},
	doi = {10.1088/0004-637X/744/2/162},
	eid = {162},
	eprint = {1111.5037},
	journal = {\apj},
	keywords = {circumstellar matter, protoplanetary disks, stars: individual: TW Hya},
	month = jan,
	pages = {162},
	primaryclass = {astro-ph.EP},
	title = {{The TW Hya Disk at 870 {$\mu$}m: Comparison of CO and Dust Radial Structures}},
	volume = 744,
	year = 2012
}

@article{andrews13,
	adsnote = {Provided by the SAO/NASA Astrophysics Data System},
	adsurl = {http://adsabs.harvard.edu/abs/2013ApJ...771..129A},
	archiveprefix = {arXiv},
	author = {{Andrews}, S.~M. and {Rosenfeld}, K.~A. and {Kraus}, A.~L. and {Wilner}, D.~J.},
	doi = {10.1088/0004-637X/771/2/129},
	eid = {129},
	eprint = {1305.5262},
	journal = {\apj},
	keywords = {protoplanetary disks, submillimeter: planetary systems },
	month = jul,
	pages = {129},
	primaryclass = {astro-ph.SR},
	title = {{The Mass Dependence between Protoplanetary Disks and their Stellar Hosts}},
	volume = 771,
	year = 2013
}

@article{baraffe15,
	adsnote = {Provided by the SAO/NASA Astrophysics Data System},
	adsurl = {http://adsabs.harvard.edu/abs/2015A\%26A...577A..42B},
	archiveprefix = {arXiv},
	author = {{Baraffe}, I. and {Homeier}, D. and {Allard}, F. and {Chabrier}, G.},
	doi = {10.1051/0004-6361/201425481},
	eid = {A42},
	eprint = {1503.04107},
	journal = {\aap},
	keywords = {stars: evolution, stars: low-mass, stars: pre-main sequence, Hertzsprung-Russell and C-M diagrams, convection},
	month = may,
	pages = {A42},
	primaryclass = {astro-ph.SR},
	title = {{New evolutionary models for pre-main sequence and main sequence low-mass stars down to the hydrogen-burning limit}},
	volume = 577,
	year = 2015
}

@article{dotter08,
	adsnote = {Provided by the SAO/NASA Astrophysics Data System},
	adsurl = {http://adsabs.harvard.edu/abs/2008ApJS..178...89D},
	archiveprefix = {arXiv},
	author = {{Dotter}, A. and {Chaboyer}, B. and {Jevremovi{\'c}}, D. and {Kostov}, V. and {Baron}, E. and {Ferguson}, J.~W.},
	doi = {10.1086/589654},
	eid = {89-101},
	eprint = {0804.4473},
	journal = {\apjs},
	keywords = {globular clusters: general, open clusters and associations: general, stars: evolution },
	month = sep,
	pages = {89--101},
	title = {{The Dartmouth Stellar Evolution Database}},
	volume = 178,
	year = 2008
}

@article{tognelli11,
	adsnote = {Provided by the SAO/NASA Astrophysics Data System},
	adsurl = {http://adsabs.harvard.edu/abs/2011A\%26A...533A.109T},
	archiveprefix = {arXiv},
	author = {{Tognelli}, E. and {Prada Moroni}, P.~G. and {Degl'Innocenti}, S.},
	doi = {10.1051/0004-6361/200913913},
	eid = {A109},
	eprint = {1107.2318},
	journal = {\aap},
	keywords = {stars: pre-main sequence, stars: evolution, stars: formation, stars: interiors, stars: low-mass, Hertzsprung-Russel and C-M diagrams},
	month = sep,
	pages = {A109},
	primaryclass = {astro-ph.SR},
	title = {{The Pisa pre-main sequence tracks and isochrones. A database covering a wide range of Z, Y, mass, and age values}},
	volume = 533,
	year = 2011
}

@article{tokovinin97,
	adsnote = {Provided by the SAO/NASA Astrophysics Data System},
	adsurl = {http://adsabs.harvard.edu/abs/1997A\%26AS..124...75T},
	author = {{Tokovinin}, A.~A.},
	doi = {10.1051/aas:1997181},
	journal = {\aaps},
	keywords = {BINARIES: GENERAL, CATALOG},
	month = jul,
	title = {{MSC - a catalogue of physical multiple stars}},
	volume = 124,
	year = 1997
}

@article{eggleton08,
	adsnote = {Provided by the SAO/NASA Astrophysics Data System},
	adsurl = {http://adsabs.harvard.edu/abs/2008MNRAS.389..869E},
	archiveprefix = {arXiv},
	author = {{Eggleton}, P.~P. and {Tokovinin}, A.~A.},
	doi = {10.1111/j.1365-2966.2008.13596.x},
	eprint = {0806.2878},
	journal = {\mnras},
	keywords = {binaries: close, stars: statistics},
	month = sep,
	pages = {869--879},
	title = {{A catalogue of multiplicity among bright stellar systems}},
	volume = 389,
	year = 2008
}

@article{mathieu91,
	adsnote = {Provided by the SAO/NASA Astrophysics Data System},
	adsurl = {http://adsabs.harvard.edu/abs/1991AJ....101.2184M},
	author = {{Mathieu}, R.~D. and {Adams}, F.~C. and {Latham}, D.~W.},
	doi = {10.1086/115841},
	journal = {\aj},
	keywords = {Binary Stars, K Stars, Stellar Spectra, T Tauri Stars, Radial Velocity, Spectral Energy Distribution, Stellar Mass, Stellar Models, Stellar Orbits, Stellar Spectrophotometry},
	month = jun,
	pages = {2184--2198},
	title = {{The T Tauri spectroscopic binary GW Orionis}},
	volume = 101,
	year = 1991
}

@article{choi16,
	adsnote = {Provided by the SAO/NASA Astrophysics Data System},
	adsurl = {http://adsabs.harvard.edu/abs/2016ApJ...823..102C},
	archiveprefix = {arXiv},
	author = {{Choi}, J. and {Dotter}, A. and {Conroy}, C. and {Cantiello}, M. and {Paxton}, B. and {Johnson}, B.~D.},
	doi = {10.3847/0004-637X/823/2/102},
	eid = {102},
	eprint = {1604.08592},
	journal = {\apj},
	keywords = {stars: evolution, stars: general, stars: interiors },
	month = jun,
	pages = {102},
	primaryclass = {astro-ph.SR},
	title = {{Mesa Isochrones and Stellar Tracks (MIST). I. Solar-scaled Models}},
	volume = 823,
	year = 2016
}

@article{dartois03,
	adsnote = {Provided by the SAO/NASA Astrophysics Data System},
	adsurl = {http://adsabs.harvard.edu/abs/2003A\%26A...399..773D},
	author = {{Dartois}, E. and {Dutrey}, A. and {Guilloteau}, S.},
	doi = {10.1051/0004-6361:20021638},
	journal = {\aap},
	keywords = {stars: individual: DM Tauri, stars: circumstellar matter, stars: pre-main sequence, radio-lines: stars},
	month = feb,
	pages = {773--787},
	title = {{Structure of the DM Tau Outer Disk: Probing the vertical kinetic temperature gradient}},
	volume = 399,
	year = 2003
}

@article{williams14,
	adsnote = {Provided by the SAO/NASA Astrophysics Data System},
	adsurl = {http://adsabs.harvard.edu/abs/2014ApJ...788...59W},
	archiveprefix = {arXiv},
	author = {{Williams}, J.~P. and {Best}, W.~M.~J.},
	doi = {10.1088/0004-637X/788/1/59},
	eid = {59},
	eprint = {1312.0151},
	journal = {\apj},
	keywords = {circumstellar matter, planets and satellites: formation, protoplanetary disks},
	month = jun,
	pages = {59},
	primaryclass = {astro-ph.EP},
	title = {{A Parametric Modeling Approach to Measuring the Gas Masses of Circumstellar Disks}},
	volume = 788,
	year = 2014
}

@article{foreman-mackey13,
	adsnote = {Provided by the SAO/NASA Astrophysics Data System},
	adsurl = {http://adsabs.harvard.edu/abs/2013PASP..125..306F},
	archiveprefix = {arXiv},
	author = {{Foreman-Mackey}, D. and {Hogg}, D.~W. and {Lang}, D. and {Goodman}, J.},
	doi = {10.1086/670067},
	eprint = {1202.3665},
	journal = {\pasp},
	keywords = {Data Analysis and Techniques},
	month = mar,
	pages = {306--312},
	primaryclass = {astro-ph.IM},
	title = {{emcee: The MCMC Hammer}},
	volume = 125,
	year = 2013
}

@article{foreman-mackey14,
	author = {Foreman-Mackey, Dan and Price-Whelan, Adrian and Ryan, Geoffrey and Rice, Emily and Smith, Michael and Barbary, Kyle and Hogg, David W. and Brewer, Brendon J.},
	doi = {10.5281/zenodo.10598},
	month = {Jun},
	title = {{A citable release}},
	url = {http://dx.doi.org/10.5281/zenodo.10598},
	year = {2014}
}

@article{goodman10,
	author = {Goodman, Jonathan and Weare, Jonathan},
	journal = {Communications in Applied Mathematics and Computational Science},
	number = {1},
	pages = {65--80},
	title = {{Ensemble samplers with affine invariance}},
	volume = {5},
	year = {2010}
}

@misc{dullemond12,
	adsnote = {Provided by the SAO/NASA Astrophysics Data System},
	adsurl = {http://adsabs.harvard.edu/abs/2012ascl.soft02015D},
	archiveprefix = {ascl},
	author = {{Dullemond}, C.~P.},
	eprint = {1202.015},
	howpublished = {Astrophysics Source Code Library},
	month = feb,
	title = {{RADMC-3D: A multi-purpose radiative transfer tool}},
	year = 2012
}

@article{menten07,
	adsnote = {Provided by the SAO/NASA Astrophysics Data System},
	adsurl = {http://adsabs.harvard.edu/abs/2007A\%26A...474..515M},
	archiveprefix = {arXiv},
	author = {{Menten}, K.~M. and {Reid}, M.~J. and {Forbrich}, J. and {Brunthaler}, A.},
	doi = {10.1051/0004-6361:20078247},
	eprint = {0709.0485},
	journal = {\aap},
	keywords = {stars: pre-main sequence, radio continuum: stars, techniques: interferometic, astrometry},
	month = nov,
	pages = {515--520},
	title = {{The distance to the Orion Nebula}},
	volume = 474,
	year = 2007
}

@article{jorgensen05,
	adsnote = {Provided by the SAO/NASA Astrophysics Data System},
	adsurl = {http://adsabs.harvard.edu/abs/2005A\%26A...436..127J},
	author = {{J{\o}rgensen}, B.~R. and {Lindegren}, L.},
	doi = {10.1051/0004-6361:20042185},
	journal = {\aap},
	keywords = {stars: fundamental parameters, stars: evolution, solar neighbourhood, methods: data analysis, methods: statistical},
	month = jun,
	pages = {127--143},
	title = {{Determination of stellar ages from isochrones: Bayesian estimation versus isochrone fitting}},
	volume = 436,
	year = 2005
}

@article{siess00,
	adsnote = {Provided by the SAO/NASA Astrophysics Data System},
	adsurl = {http://adsabs.harvard.edu/abs/2000A\%26A...358..593S},
	author = {{Siess}, L. and {Dufour}, E. and {Forestini}, M.},
	eprint = {astro-ph/0003477},
	journal = {\aap},
	keywords = {EQUATION OF STATE, STARS: EVOLUTION, STARS: HERTZSPRUNG-RUSSEL (HR) AND C-M DIAGRAMS, STARS: PRE-MAIN SEQUENCE, ASTRONOMICAL DATA BASES: MISCELLANEOUS},
	month = jun,
	pages = {593--599},
	title = {{An internet server for pre-main sequence tracks of low- and intermediate-mass stars}},
	volume = 358,
	year = 2000
}

@article{ansdell16b,
	adsnote = {Provided by the SAO/NASA Astrophysics Data System},
	adsurl = {http://adsabs.harvard.edu/abs/2016MNRAS.462L.101A},
	archiveprefix = {arXiv},
	author = {{Ansdell}, M. and {Gaidos}, E. and {Williams}, J.~P. and {Kennedy}, G. and {Wyatt}, M.~C. and {LaCourse}, D.~M. and {Jacobs}, T.~L. and {Mann}, A.~W.},
	doi = {10.1093/mnrasl/slw140},
	eprint = {1607.03115},
	journal = {\mnras},
	keywords = {planet-disc interactions, protoplanetary discs, stars: variables: T Tauri, Herbig Ae/Be},
	month = oct,
	pages = {L101--L105},
	primaryclass = {astro-ph.EP},
	title = {{Dipper discs not inclined towards edge-on orbits}},
	volume = 462,
	year = 2016
}

@article{ansdell16a,
	adsnote = {Provided by the SAO/NASA Astrophysics Data System},
	adsurl = {http://adsabs.harvard.edu/abs/2016ApJ...816...69A},
	archiveprefix = {arXiv},
	author = {{Ansdell}, M. and {Gaidos}, E. and {Rappaport}, S.~A. and {Jacobs}, T.~L. and {LaCourse}, D.~M. and {Jek}, K.~J. and {Mann}, A.~W. and {Wyatt}, M.~C. and {Kennedy}, G. and {Williams}, J.~P. and {Boyajian}, T.~S.},
	doi = {10.3847/0004-637X/816/2/69},
	eid = {69},
	eprint = {1510.08853},
	journal = {\apj},
	keywords = {protoplanetary disks, stars: late-type, stars: variables: T Tauri, Herbig Ae/Be, submillimeter: stars},
	month = jan,
	pages = {69},
	primaryclass = {astro-ph.EP},
	title = {{Young ``Dipper'' Stars in Upper Sco and Oph Observed by K2}},
	volume = 816,
	year = 2016
}

@article{offner16,
	adsnote = {Provided by the SAO/NASA Astrophysics Data System},
	adsurl = {http://adsabs.harvard.edu/abs/2016ApJ...827L..11O},
	archiveprefix = {arXiv},
	author = {{Offner}, S.~S.~R. and {Dunham}, M.~M. and {Lee}, K.~I. and {Arce}, H.~G. and {Fielding}, D.~B.},
	doi = {10.3847/2041-8205/827/1/L11},
	eid = {L11},
	eprint = {1606.08445},
	journal = {\apjl},
	keywords = {binaries: general, ISM: jets and outflows, stars: formation, stars: low-mass, stars: winds, outflows, turbulence},
	month = aug,
	pages = {L11},
	primaryclass = {astro-ph.SR},
	title = {{The Turbulent Origin of Outflow and Spin Misalignment in Multiple Star Systems}},
	volume = 827,
	year = 2016
}

@article{offner10,
	adsnote = {Provided by the SAO/NASA Astrophysics Data System},
	adsurl = {http://adsabs.harvard.edu/abs/2010ApJ...725.1485O},
	archiveprefix = {arXiv},
	author = {{Offner}, S.~S.~R. and {Kratter}, K.~M. and {Matzner}, C.~D. and {Krumholz}, M.~R. and {Klein}, R.~I.},
	doi = {10.1088/0004-637X/725/2/1485},
	eprint = {1010.3702},
	journal = {\apj},
	keywords = {accretion, accretion disks, binaries: general, radiative transfer, turbulence},
	month = dec,
	pages = {1485--1494},
	primaryclass = {astro-ph.SR},
	title = {{The Formation of Low-mass Binary Star Systems Via Turbulent Fragmentation}},
	volume = 725,
	year = 2010
}

@article{najita03,
	adsnote = {Provided by the SAO/NASA Astrophysics Data System},
	adsurl = {http://adsabs.harvard.edu/abs/2003ApJ...589..931N},
	author = {{Najita}, J. and {Carr}, J.~S. and {Mathieu}, R.~D.},
	doi = {10.1086/374809},
	journal = {\apj},
	keywords = {Stars: Circumstellar Matter, Stars: Planetary Systems: Formation, Stars: Planetary Systems: Protoplanetary Disks, Stars: Variables: Other},
	month = jun,
	pages = {931--952},
	title = {{Gas in the Terrestrial Planet Region of Disks: CO Fundamental Emission from T Tauri Stars}},
	volume = 589,
	year = 2003
}

@article{bast11,
	adsnote = {Provided by the SAO/NASA Astrophysics Data System},
	adsurl = {http://adsabs.harvard.edu/abs/2011A\%26A...527A.119B},
	archiveprefix = {arXiv},
	author = {{Bast}, J.~E. and {Brown}, J.~M. and {Herczeg}, G.~J. and {van Dishoeck}, E.~F. and {Pontoppidan}, K.~M.},
	doi = {10.1051/0004-6361/201015225},
	eid = {A119},
	eprint = {1101.1091},
	journal = {\aap},
	keywords = {protoplanetary disks, line: profiles, stars: low-mass, planets and satellites: formation, accretion, accretion disks},
	month = mar,
	pages = {A119},
	primaryclass = {astro-ph.SR},
	title = {{Single peaked CO emission line profiles from the inner regions of protoplanetary disks}},
	volume = 527,
	year = 2011
}

@article{artymowicz94,
	adsnote = {Provided by the SAO/NASA Astrophysics Data System},
	adsurl = {http://adsabs.harvard.edu/abs/1994ApJ...421..651A},
	author = {{Artymowicz}, P. and {Lubow}, S.~H.},
	doi = {10.1086/173679},
	journal = {\apj},
	keywords = {Accretion Disks, Binary Stars, Orbital Resonances (Celestial Mechanics), Pre-Main Sequence Stars, Stellar Envelopes, Stellar Gravitation, Stellar Mass Accretion, Stellar Systems, Astronomical Spectroscopy, Stellar Models, Stellar Spectra},
	month = feb,
	pages = {651--667},
	title = {{Dynamics of binary-disk interaction. 1: Resonances and disk gap sizes}},
	volume = 421,
	year = 1994
}

@article{kratter10,
	adsnote = {Provided by the SAO/NASA Astrophysics Data System},
	adsurl = {http://adsabs.harvard.edu/abs/2010ApJ...710.1375K},
	archiveprefix = {arXiv},
	author = {{Kratter}, K.~M. and {Murray-Clay}, R.~A. and {Youdin}, A.~N.},
	doi = {10.1088/0004-637X/710/2/1375},
	eprint = {0909.2644},
	journal = {\apj},
	keywords = {binaries: general, brown dwarfs, planet-disk interactions, planets and satellites: formation, protoplanetary disks},
	month = feb,
	pages = {1375--1386},
	primaryclass = {astro-ph.EP},
	title = {{The Runts of the Litter: Why Planets Formed Through Gravitational Instability Can Only Be Failed Binary Stars}},
	volume = 710,
	year = 2010
}

@article{stamatellos09,
	adsnote = {Provided by the SAO/NASA Astrophysics Data System},
	adsurl = {http://adsabs.harvard.edu/abs/2009MNRAS.392..413S},
	archiveprefix = {arXiv},
	author = {{Stamatellos}, D. and {Whitworth}, A.~P.},
	doi = {10.1111/j.1365-2966.2008.14069.x},
	eprint = {0810.1687},
	journal = {\mnras},
	keywords = {accretion, accretion discs, hydrodynamics, radiative transfer, methods: numerical, stars: formation, stars: low-mass, brown dwarfs},
	month = jan,
	pages = {413--427},
	title = {{The properties of brown dwarfs and low-mass hydrogen-burning stars formed by disc fragmentation}},
	volume = 392,
	year = 2009
}

@article{forgan13,
	adsnote = {Provided by the SAO/NASA Astrophysics Data System},
	adsurl = {http://adsabs.harvard.edu/abs/2013MNRAS.432.3168F},
	archiveprefix = {arXiv},
	author = {{Forgan}, D. and {Rice}, K.},
	doi = {10.1093/mnras/stt672},
	eprint = {1304.4978},
	journal = {\mnras},
	keywords = {accretion, accretion discs, methods: numerical, methods: statistical, planets and satellites: formation, stars: formation},
	month = jul,
	pages = {3168--3185},
	primaryclass = {astro-ph.EP},
	title = {{Towards a population synthesis model of objects formed by self-gravitating disc fragmentation and tidal downsizing}},
	volume = 432,
	year = 2013
}

@article{kurtz98,
	adsnote = {Provided by the SAO/NASA Astrophysics Data System},
	adsurl = {http://adsabs.harvard.edu/abs/1998PASP..110..934K},
	author = {{Kurtz}, M.~J. and {Mink}, D.~J.},
	doi = {10.1086/316207},
	eprint = {astro-ph/9803252},
	journal = {\pasp},
	keywords = {INSTRUMENTATION: SPECTROGRAPHS, METHODS: DATA ANALYSIS, TECHNIQUES: RADIAL VELOCITIES},
	month = aug,
	pages = {934--977},
	title = {{RVSAO 2.0: Digital Redshifts and Radial Velocities}},
	volume = 110,
	year = 1998
}

@inproceedings{latham92,
	adsnote = {Provided by the SAO/NASA Astrophysics Data System},
	adsurl = {http://adsabs.harvard.edu/abs/1992ASPC...32..110L},
	author = {{Latham}, D.~W.},
	booktitle = {{IAU Colloq. 135: Complementary Approaches to Double and Multiple Star Research}},
	editor = {{McAlister}, H.~A. and {Hartkopf}, W.~I.},
	pages = {110},
	series = {{Astronomical Society of the Pacific Conference Series}},
	title = {{Surveys of Spectroscopic Binaries at the Center for Astrophysics}},
	volume = 32,
	year = 1992
}

@inproceedings{kurtz92,
	adsnote = {Provided by the SAO/NASA Astrophysics Data System},
	adsurl = {http://adsabs.harvard.edu/abs/1992ASPC...25..432K},
	author = {{Kurtz}, M.~J. and {Mink}, D.~J. and {Wyatt}, W.~F. and {Fabricant}, D.~G. and {Torres}, G. and {Kriss}, G.~A. and {Tonry}, J.~L.},
	booktitle = {{Astronomical Data Analysis Software and Systems I}},
	editor = {{Worrall}, D.~M. and {Biemesderfer}, C. and {Barnes}, J.},
	pages = {432},
	series = {{Astronomical Society of the Pacific Conference Series}},
	title = {{XCSAO: A Radial Velocity Package for the IRAF Environment}},
	volume = 25,
	year = 1992
}

@article{kurtz98-2,
	adsnote = {Provided by the SAO/NASA Astrophysics Data System},
	adsurl = {http://adsabs.harvard.edu/abs/1998PASP..110..934K},
	author = {{Kurtz}, M.~J. and {Mink}, D.~J.},
	doi = {10.1086/316207},
	eprint = {astro-ph/9803252},
	journal = {\pasp},
	keywords = {INSTRUMENTATION: SPECTROGRAPHS, METHODS: DATA ANALYSIS, TECHNIQUES: RADIAL VELOCITIES},
	month = aug,
	pages = {934--977},
	title = {{RVSAO 2.0: Digital Redshifts and Radial Velocities}},
	volume = 110,
	year = 1998
}

@article{latham02,
	adsnote = {Provided by the SAO/NASA Astrophysics Data System},
	adsurl = {http://adsabs.harvard.edu/abs/2002AJ....124.1144L},
	author = {{Latham}, D.~W. and {Stefanik}, R.~P. and {Torres}, G. and {Davis}, R.~J. and {Mazeh}, T. and {Carney}, B.~W. and {Laird}, J.~B. and {Morse}, J.~A.},
	doi = {10.1086/341384},
	journal = {\aj},
	keywords = {Stars: Binaries: Spectroscopic, Galaxy: Halo},
	month = aug,
	pages = {1144--1161},
	title = {{A Survey of Proper-Motion Stars. XVI. Orbital Solutions for 171 Single-lined Spectroscopic Binaries}},
	volume = 124,
	year = 2002
}

@book{gelman14,
	author = {Gelman, Andrew and Carlin, John B and Stern, Hal S and Dunson, David B and Vehtari, Aki and Rubin, Donald B},
	publisher = {CRC press Boca Raton, FL},
	title = {{Bayesian data analysis}},
	volume = {2},
	year = {2014}
}

@article{nordstroem94,
	adsnote = {Provided by the SAO/NASA Astrophysics Data System},
	adsurl = {http://adsabs.harvard.edu/abs/1994A\%26A...287..338N},
	author = {{Nordstroem}, B. and {Latham}, D.~W. and {Morse}, J.~A. and {Milone}, A.~A.~E. and {Kurucz}, R.~L. and {Andersen}, J. and {Stefanik}, R.~P.},
	journal = {\aap},
	keywords = {Cross Correlation, Data Reduction, F Stars, Line Spectra, Radial Velocity, Stellar Models, Stellar Rotation, Error Analysis, Probability Density Functions, Reflecting Telescopes, Spectrographs, Stellar Atmospheres},
	month = jul,
	pages = {338--347},
	title = {{Cross-correlation radial-velocity techniques for rotating F stars}},
	volume = 287,
	year = 1994
}

@inbook{murray10,
	adsnote = {Provided by the SAO/NASA Astrophysics Data System},
	adsurl = {http://adsabs.harvard.edu/abs/2010exop.book...15M},
	author = {{Murray}, C.~D. and {Correia}, A.~C.~M.},
	booktitle = {{Exoplanets}},
	editor = {{Seager}, S.},
	month = dec,
	pages = {15--23},
	title = {{Keplerian Orbits and Dynamics of Exoplanets}},
	year = 2010
}

@article{torres02,
	adsnote = {Provided by the SAO/NASA Astrophysics Data System},
	adsurl = {http://adsabs.harvard.edu/abs/2002AJ....123.1701T},
	author = {{Torres}, G. and {Neuh{\"a}user}, R. and {Guenther}, E.~W.},
	doi = {10.1086/339178},
	eprint = {astro-ph/0112294},
	journal = {\aj},
	keywords = {Stars: Binaries: Spectroscopic, Stars: Activity, Stars: Evolution, Stars: Pre-Main-Sequence, X-Rays},
	month = mar,
	pages = {1701--1722},
	title = {{Spectroscopic Binaries in a Sample of ROSAT X-Ray Sources South of the Taurus Molecular Clouds}},
	volume = 123,
	year = 2002
}

@book{press92,
	adsnote = {Provided by the SAO/NASA Astrophysics Data System},
	adsurl = {http://adsabs.harvard.edu/abs/1992nrfa.book.....P},
	author = {{Press}, W.~H. and {Teukolsky}, S.~A. and {Vetterling}, W.~T. and {Flannery}, B.~P.},
	booktitle = {{Cambridge: University Press, |c1992, 2nd ed.}},
	title = {{Numerical recipes in FORTRAN. The art of scientific computing}},
	year = 1992
}

@article{buchhave10,
	adsnote = {Provided by the SAO/NASA Astrophysics Data System},
	adsurl = {http://adsabs.harvard.edu/abs/2010ApJ...720.1118B},
	archiveprefix = {arXiv},
	author = {{Buchhave}, L.~A. and {Bakos}, G.~{\'A}. and {Hartman}, J.~D. and {Torres}, G. and {Kov{\'a}cs}, G. and {Latham}, D.~W. and {Noyes}, R.~W. and {Esquerdo}, G.~A. and {Everett}, M. and {Howard}, A.~W. and {Marcy}, G.~W. and {Fischer}, D.~A. and {Johnson}, J.~A. and {Andersen}, J. and {F{\H u}r{\'e}sz}, G. and {Perumpilly}, G. and {Sasselov}, D.~D. and {Stefanik}, R.~P. and {B{\'e}ky}, B. and {L{\'a}z{\'a}r}, J. and {Papp}, I. and {S{\'a}ri}, P.},
	doi = {10.1088/0004-637X/720/2/1118},
	eprint = {1005.2009},
	journal = {\apj},
	keywords = {planetary systems, stars: individual: HAT-P-16 GSC 2792-01700, techniques: photometric, techniques: spectroscopic},
	month = sep,
	pages = {1118--1125},
	primaryclass = {astro-ph.EP},
	title = {{HAT-P-16b: A 4 M $_{J}$ Planet Transiting a Bright Star on an Eccentric Orbit}},
	volume = 720,
	year = 2010
}

@article{furesz08,
	author = {F{\H u}r{\'e}sz, G.},
	journal = {Ph.D. Thesis},
	location = {Hungary},
	school = {Univ. Szeged},
	type = {Ph.D. Thesis},
	volume = {Univ. Szeged, Hungary},
	year = {2008}
}

@article{moe15,
	adsnote = {Provided by the SAO/NASA Astrophysics Data System},
	adsurl = {http://adsabs.harvard.edu/abs/2015ApJ...801..113M},
	archiveprefix = {arXiv},
	author = {{Moe}, M. and {Di Stefano}, R.},
	doi = {10.1088/0004-637X/801/2/113},
	eid = {113},
	eprint = {1410.8138},
	journal = {\apj},
	keywords = {binaries: close, binaries: eclipsing, H II regions, stars: formation, stars: massive, stars: pre-main sequence},
	month = mar,
	pages = {113},
	primaryclass = {astro-ph.SR},
	title = {{A New Class of Nascent Eclipsing Binaries with Extreme Mass Ratios}},
	volume = 801,
	year = 2015
}

@article{kounkel17,
	adsnote = {Provided by the SAO/NASA Astrophysics Data System},
	adsurl = {http://adsabs.harvard.edu/abs/2017ApJ...834..142K},
	archiveprefix = {arXiv},
	author = {{Kounkel}, M. and {Hartmann}, L. and {Loinard}, L. and {Ortiz-Le{\'o}n}, G.~N. and {Mioduszewski}, A.~J. and {Rodr\'{\i}guez}, L.~F. and {Dzib}, S.~A. and {Torres}, R.~M. and {Pech}, G. and {Galli}, P.~A.~B. and {Rivera}, J.~L. and {Boden}, A.~F. and {Evans}, II, N.~J. and {Brice{\~n}o}, C. and {Tobin}, J.~J.},
	doi = {10.3847/1538-4357/834/2/142},
	eid = {142},
	eprint = {1609.04041},
	journal = {\apj},
	keywords = {astrometry, ISM: individual objects: Orion Molecular Clouds, parallaxes, radiation mechanisms: nonthermal, stars: kinematics and dynamics},
	month = jan,
	pages = {142},
	primaryclass = {astro-ph.SR},
	title = {{The Gould{\rsquo}s Belt Distances Survey (GOBELINS) II. Distances and Structure toward the Orion Molecular Clouds}},
	volume = 834,
	year = 2017
}

@article{mathieu95,
	adsnote = {Provided by the SAO/NASA Astrophysics Data System},
	adsurl = {http://adsabs.harvard.edu/abs/1995AJ....109.2655M},
	author = {{Mathieu}, R.~D. and {Adams}, F.~C. and {Fuller}, G.~A. and {Jensen}, E.~L.~N. and {Koerner}, D.~W. and {Sargent}, A.~I.},
	doi = {10.1086/117479},
	journal = {\aj},
	keywords = {BINARIES: SPECTROSCOPIC, BINARIES: INDIVIDUAL: GW ORIONIS},
	month = jun,
	pages = {2655},
	title = {{Submillimeter Continuum Observations of the T Tauri Spectroscopic Binary GW Orionis}},
	volume = 109,
	year = 1995
}

@article{lopez-martinez15,
	adsnote = {Provided by the SAO/NASA Astrophysics Data System},
	adsurl = {http://adsabs.harvard.edu/abs/2015MNRAS.448..484L},
	archiveprefix = {arXiv},
	author = {{L{\'o}pez-Mart\'{\i}nez}, F. and {G{\'o}mez de Castro}, A.~I.},
	doi = {10.1093/mnras/stu2690},
	eprint = {1505.00575},
	journal = {\mnras},
	keywords = {line: profiles, stars: jets, stars: pre-main-sequence, stars: variables: T Tauri, Herbig Ae/Be, stars: winds, outflows, ultraviolet: stars},
	month = mar,
	pages = {484--501},
	primaryclass = {astro-ph.SR},
	title = {{Constraints to the magnetospheric properties of T Tauri stars - II. The Mg II ultraviolet feature}},
	volume = 448,
	year = 2015
}

@article{duchene13,
	adsnote = {Provided by the SAO/NASA Astrophysics Data System},
	adsurl = {http://adsabs.harvard.edu/abs/2013ARA\%26A..51..269D},
	archiveprefix = {arXiv},
	author = {{Duch{\^e}ne}, G. and {Kraus}, A.},
	doi = {10.1146/annurev-astro-081710-102602},
	eprint = {1303.3028},
	journal = {\araa},
	month = aug,
	pages = {269--310},
	primaryclass = {astro-ph.SR},
	title = {{Stellar Multiplicity}},
	volume = 51,
	year = 2013
}

@phdthesis{dolan00,
	adsnote = {Provided by the SAO/NASA Astrophysics Data System},
	adsurl = {http://adsabs.harvard.edu/abs/2000PhDT.........5D},
	author = {{Dolan}, C.~J.},
	month = aug,
	school = {Department of Astronomy, University of Wisconsin--Madison, 475 North Charter Street, Madison, WI 53706},
	title = {{The Young Population of the Lambda Orionis Star-Forming Region}},
	year = 2000
}

@article{dolan01,
	adsnote = {Provided by the SAO/NASA Astrophysics Data System},
	adsurl = {http://adsabs.harvard.edu/abs/2001AJ....121.2124D},
	author = {{Dolan}, C.~J. and {Mathieu}, R.~D.},
	doi = {10.1086/319946},
	journal = {\aj},
	keywords = {Stars: Formation, Stars: Pre-Main-Sequence},
	month = apr,
	pages = {2124--2147},
	title = {{The Spatial Distribution of the {$\lambda$} Orionis Pre-Main-Sequence Population}},
	volume = 121,
	year = 2001
}

@article{dolan02,
	adsnote = {Provided by the SAO/NASA Astrophysics Data System},
	adsurl = {http://adsabs.harvard.edu/abs/2002AJ....123..387D},
	author = {{Dolan}, C.~J. and {Mathieu}, R.~D.},
	doi = {10.1086/324631},
	eprint = {astro-ph/0110160},
	journal = {\aj},
	keywords = {Stars: Formation, Stars: Pre-Main-Sequence},
	month = jan,
	pages = {387--403},
	title = {{A Photometric Study of the Young Stellar Population throughout the {$\lambda$} Orionis Star-Forming Region}},
	volume = 123,
	year = 2002
}

@article{hogg10,
	adsnote = {Provided by the SAO/NASA Astrophysics Data System},
	adsurl = {http://adsabs.harvard.edu/abs/2010arXiv1008.4686H},
	archiveprefix = {arXiv},
	author = {{Hogg}, D.~W. and {Bovy}, J. and {Lang}, D.},
	eprint = {1008.4686},
	journal = {ArXiv e-prints},
	keywords = {Astrophysics - Instrumentation and Methods for Astrophysics, Physics - Data Analysis, Statistics and Probability},
	month = aug,
	primaryclass = {astro-ph.IM},
	title = {{Data analysis recipes: Fitting a model to data}},
	year = 2010
}

@article{winn15,
	adsnote = {Provided by the SAO/NASA Astrophysics Data System},
	adsurl = {http://adsabs.harvard.edu/abs/2015ARA\%26A..53..409W},
	archiveprefix = {arXiv},
	author = {{Winn}, J.~N. and {Fabrycky}, D.~C.},
	doi = {10.1146/annurev-astro-082214-122246},
	eprint = {1410.4199},
	journal = {\araa},
	month = aug,
	pages = {409--447},
	primaryclass = {astro-ph.EP},
	title = {{The Occurrence and Architecture of Exoplanetary Systems}},
	volume = 53,
	year = 2015
}

@article{siverd12,
	adsnote = {Provided by the SAO/NASA Astrophysics Data System},
	adsurl = {http://adsabs.harvard.edu/abs/2012ApJ...761..123S},
	archiveprefix = {arXiv},
	author = {{Siverd}, R.~J. and {Beatty}, T.~G. and {Pepper}, J. and {Eastman}, J.~D. and {Collins}, K. and {Bieryla}, A. and {Latham}, D.~W. and {Buchhave}, L.~A. and {Jensen}, E.~L.~N. and {Crepp}, J.~R. and {Street}, R. and {Stassun}, K.~G. and {Gaudi}, B.~S. and {Berlind}, P. and {Calkins}, M.~L. and {DePoy}, D.~L. and {Esquerdo}, G.~A. and {Fulton}, B.~J. and {F{\H u}r{\'e}sz}, G. and {Geary}, J.~C. and {Gould}, A. and {Hebb}, L. and {Kielkopf}, J.~F. and {Marshall}, J.~L. and {Pogge}, R. and {Stanek}, K.~Z. and {Stefanik}, R.~P. and {Szentgyorgyi}, A.~H. and {Trueblood}, M. and {Trueblood}, P. and {Stutz}, A.~M. and {van Saders}, J.~L.},
	doi = {10.1088/0004-637X/761/2/123},
	eid = {123},
	eprint = {1206.1635},
	journal = {\apj},
	keywords = {planetary systems, stars: individual: KELT-1, TYC 2785-2130-1, techniques: photometric, techniques: spectroscopic},
	month = dec,
	pages = {123},
	primaryclass = {astro-ph.EP},
	title = {{KELT-1b: A Strongly Irradiated, Highly Inflated, Short Period, 27 Jupiter-mass Companion Transiting a Mid-F Star}},
	volume = 761,
	year = 2012
}

@article{kuhn16,
	adsnote = {Provided by the SAO/NASA Astrophysics Data System},
	adsurl = {http://adsabs.harvard.edu/abs/2016MNRAS.459.4281K},
	archiveprefix = {arXiv},
	author = {{Kuhn}, R.~B. and {Rodriguez}, J.~E. and {Collins}, K.~A. and {Lund}, M.~B. and {Siverd}, R.~J. and {Col{\'o}n}, K.~D. and {Pepper}, J. and {Stassun}, K.~G. and {Cargile}, P.~A. and {James}, D.~J. and {Penev}, K. and {Zhou}, G. and {Bayliss}, D. and {Tan}, T.~G. and {Curtis}, I.~A. and {Udry}, S. and {Segransan}, D. and {Mawet}, D. and {Dhital}, S. and {Soutter}, J. and {Hart}, R. and {Carter}, B. and {Gaudi}, B.~S. and {Myers}, G. and {Beatty}, T.~G. and {Eastman}, J.~D. and {Reichart}, D.~E. and {Haislip}, J.~B. and {Kielkopf}, J. and {Bieryla}, A. and {Latham}, D.~W. and {Jensen}, E.~L.~N. and {Oberst}, T.~E. and {Stevens}, D.~J.},
	doi = {10.1093/mnras/stw880},
	eprint = {1509.02323},
	journal = {\mnras},
	keywords = {techniques: photometric, techniques: radial velocities, techniques: spectroscopic, stars: individual: KELT-10, planetary systems},
	month = jul,
	pages = {4281--4298},
	primaryclass = {astro-ph.EP},
	title = {{KELT-10b: the first transiting exoplanet from the KELT-South survey - a hot sub-Jupiter transiting a V = 10.7 early G-star}},
	volume = 459,
	year = 2016
}

@article{kamp04,
	adsnote = {Provided by the SAO/NASA Astrophysics Data System},
	adsurl = {http://adsabs.harvard.edu/abs/2004ApJ...615..991K},
	author = {{Kamp}, I. and {Dullemond}, C.~P.},
	doi = {10.1086/424703},
	eprint = {astro-ph/0408501},
	journal = {\apj},
	keywords = {Accretion, Accretion Disks, Infrared: Stars, Stars: Planetary Systems: Protoplanetary Disks, Stars: Pre-Main-Sequence},
	month = nov,
	pages = {991--999},
	title = {{The Gas Temperature in the Surface Layers of Protoplanetary Disks}},
	volume = 615,
	year = 2004
}

@article{jonkheid04,
	adsnote = {Provided by the SAO/NASA Astrophysics Data System},
	adsurl = {http://adsabs.harvard.edu/abs/2004A\%26A...428..511J},
	author = {{Jonkheid}, B. and {Faas}, F.~G.~A. and {van Zadelhoff}, G.-J. and {van Dishoeck}, E.~F.},
	doi = {10.1051/0004-6361:20048013},
	eprint = {astro-ph/0408503},
	journal = {\aap},
	keywords = {astrochemistry, stars: circumstellar matter, stars: pre-main sequence, molecular processes, ISM: molecules},
	month = dec,
	pages = {511--521},
	title = {{The gas temperature in flaring disks around pre-main sequence stars}},
	volume = 428,
	year = 2004
}

@article{brown13,
	adsnote = {Provided by the SAO/NASA Astrophysics Data System},
	adsurl = {http://adsabs.harvard.edu/abs/2013PASP..125.1031B},
	archiveprefix = {arXiv},
	author = {{Brown}, T.~M. and {Baliber}, N. and {Bianco}, F.~B. and {Bowman}, M. and {Burleson}, B. and {Conway}, P. and {Crellin}, M. and {Depagne}, {\'E}. and {De Vera}, J. and {Dilday}, B. and {Dragomir}, D. and {Dubberley}, M. and {Eastman}, J.~D. and {Elphick}, M. and {Falarski}, M. and {Foale}, S. and {Ford}, M. and {Fulton}, B.~J. and {Garza}, J. and {Gomez}, E.~L. and {Graham}, M. and {Greene}, R. and {Haldeman}, B. and {Hawkins}, E. and {Haworth}, B. and {Haynes}, R. and {Hidas}, M. and {Hjelstrom}, A.~E. and {Howell}, D.~A. and {Hygelund}, J. and {Lister}, T.~A. and {Lobdill}, R. and {Martinez}, J. and {Mullins}, D.~S. and {Norbury}, M. and {Parrent}, J. and {Paulson}, R. and {Petry}, D.~L. and {Pickles}, A. and {Posner}, V. and {Rosing}, W.~E. and {Ross}, R. and {Sand}, D.~J. and {Saunders}, E.~S. and {Shobbrook}, J. and {Shporer}, A. and {Street}, R.~A. and {Thomas}, D. and {Tsapras}, Y. and {Tufts}, J.~R. and {Valenti}, S. and {Vander Horst}, K. and {Walker}, Z. and {White}, G. and {Willis}, M.},
	doi = {10.1086/673168},
	eprint = {1305.2437},
	journal = {\pasp},
	month = sep,
	pages = {1031--1055},
	primaryclass = {astro-ph.IM},
	title = {{Las Cumbres Observatory Global Telescope Network}},
	volume = 125,
	year = 2013
}

@article{shappee14,
	adsnote = {Provided by the SAO/NASA Astrophysics Data System},
	adsurl = {http://adsabs.harvard.edu/abs/2014ApJ...788...48S},
	archiveprefix = {arXiv},
	author = {{Shappee}, B.~J. and {Prieto}, J.~L. and {Grupe}, D. and {Kochanek}, C.~S. and {Stanek}, K.~Z. and {De Rosa}, G. and {Mathur}, S. and {Zu}, Y. and {Peterson}, B.~M. and {Pogge}, R.~W. and {Komossa}, S. and {Im}, M. and {Jencson}, J. and {Holoien}, T.~W.-S. and {Basu}, U. and {Beacom}, J.~F. and {Szczygie{\l}}, D.~M. and {Brimacombe}, J. and {Adams}, S. and {Campillay}, A. and {Choi}, C. and {Contreras}, C. and {Dietrich}, M. and {Dubberley}, M. and {Elphick}, M. and {Foale}, S. and {Giustini}, M. and {Gonzalez}, C. and {Hawkins}, E. and {Howell}, D.~A. and {Hsiao}, E.~Y. and {Koss}, M. and {Leighly}, K.~M. and {Morrell}, N. and {Mudd}, D. and {Mullins}, D. and {Nugent}, J.~M. and {Parrent}, J. and {Phillips}, M.~M. and {Pojmanski}, G. and {Rosing}, W. and {Ross}, R. and {Sand}, D. and {Terndrup}, D.~M. and {Valenti}, S. and {Walker}, Z. and {Yoon}, Y.},
	doi = {10.1088/0004-637X/788/1/48},
	eid = {48},
	eprint = {1310.2241},
	journal = {\apj},
	keywords = {galaxies: active, galaxies: nuclei, galaxies: Seyfert, line: formation, line: profiles},
	month = jun,
	pages = {48},
	primaryclass = {astro-ph.HE},
	title = {{The Man behind the Curtain: X-Rays Drive the UV through NIR Variability in the 2013 Active Galactic Nucleus Outburst in NGC 2617}},
	volume = 788,
	year = 2014
}

@article{lomb76,
	adsnote = {Provided by the SAO/NASA Astrophysics Data System},
	adsurl = {http://adsabs.harvard.edu/abs/1976Ap\%26SS..39..447L},
	author = {{Lomb}, N.~R.},
	doi = {10.1007/BF00648343},
	journal = {\apss},
	keywords = {Astronomy, Data Reduction, Least Squares Method, Background Noise, Power Spectra, Sine Waves, Spectrum Analysis, Statistical Analysis, Variable Stars},
	month = feb,
	pages = {447--462},
	title = {{Least-squares frequency analysis of unequally spaced data}},
	volume = 39,
	year = 1976
}

@article{scargle82,
	adsnote = {Provided by the SAO/NASA Astrophysics Data System},
	adsurl = {http://adsabs.harvard.edu/abs/1982ApJ...263..835S},
	author = {{Scargle}, J.~D.},
	doi = {10.1086/160554},
	journal = {\apj},
	keywords = {Astronomy, Signal Detection, Spectrum Analysis, Statistical Distributions, Time Series Analysis, Fourier Transformation, Frequency Response, Power Spectra, Signal To Noise Ratios},
	month = dec,
	pages = {835--853},
	title = {{Studies in astronomical time series analysis. II - Statistical aspects of spectral analysis of unevenly spaced data}},
	volume = 263,
	year = 1982
}

@misc{Hartman12,
	adsnote = {Provided by the SAO/NASA Astrophysics Data System},
	adsurl = {http://adsabs.harvard.edu/abs/2012ascl.soft08016H},
	archiveprefix = {ascl},
	author = {{Hartman}, J.},
	eprint = {1208.016},
	howpublished = {Astrophysics Source Code Library},
	month = aug,
	title = {{VARTOOLS: Light Curve Analysis Program}},
	year = 2012
}

@article{tokovinin17,
	adsnote = {Provided by the SAO/NASA Astrophysics Data System},
	adsurl = {http://adsabs.harvard.edu/abs/2017ApJ...844..103T},
	archiveprefix = {arXiv},
	author = {{Tokovinin}, A.},
	doi = {10.3847/1538-4357/aa7746},
	eid = {103},
	eprint = {1706.00748},
	journal = {\apj},
	keywords = {binaries: general, stars: formation },
	month = aug,
	pages = {103},
	primaryclass = {astro-ph.SR},
	title = {{Orbit Alignment in Triple Stars}},
	volume = 844,
	year = 2017
}

@article{zanazzi18,
	adsnote = {Provided by the SAO/NASA Astrophysics Data System},
	adsurl = {http://adsabs.harvard.edu/abs/2018MNRAS.473..603Z},
	author = {{Zanazzi}, J.~J. and {Lai}, D.},
	doi = {10.1093/mnras/stx2375},
	journal = {\mnras},
	keywords = {accretion, accretion discs, hydrodynamics, protoplanetary discs, binaries: general},
	month = jan,
	pages = {603--615},
	title = {{Inclination evolution of protoplanetary discs around eccentric binaries}},
	volume = 473,
	year = 2018
}

@article{martin17,
	adsnote = {Provided by the SAO/NASA Astrophysics Data System},
	adsurl = {http://adsabs.harvard.edu/abs/2017ApJ...835L..28M},
	archiveprefix = {arXiv},
	author = {{Martin}, R.~G. and {Lubow}, S.~H.},
	doi = {10.3847/2041-8213/835/2/L28},
	eid = {L28},
	eprint = {1702.00545},
	journal = {\apjl},
	keywords = {accretion, accretion disks, binaries: general, hydrodynamics, planets and satellites: formation},
	month = feb,
	pages = {L28},
	primaryclass = {astro-ph.EP},
	title = {{Polar Alignment of a Protoplanetary Disk around an Eccentric Binary}},
	volume = 835,
	year = 2017
}

@article{kellog17,
	adsnote = {Provided by the SAO/NASA Astrophysics Data System},
	adsurl = {http://adsabs.harvard.edu/abs/2017ApJ...844..168K},
	archiveprefix = {arXiv},
	author = {{Kellogg}, K. and {Prato}, L. and {Torres}, G. and {Schaefer}, G.~H. and {Avilez}, I. and {Ru\'{\i}z-Rodr\'{\i}guez}, D. and {Wasserman}, L.~H. and {Bonanos}, A.~Z. and {Guenther}, E.~W. and {Neuh{\"a}user}, R. and {Levine}, S.~E. and {Bosh}, A.~S. and {Morzinski}, K.~M. and {Close}, L. and {Bailey}, V. and {Hinz}, P. and {Males}, J.~R.},
	doi = {10.3847/1538-4357/aa7c60},
	eid = {168},
	eprint = {1707.00591},
	journal = {\apj},
	keywords = {binaries: spectroscopic, binaries: visual, circumstellar matter, stars: individual: TWA 3},
	month = aug,
	pages = {168},
	primaryclass = {astro-ph.SR},
	title = {{The TWA 3 Young Triple System: Orbits, Disks, Evolution}},
	volume = 844,
	year = 2017
}

@article{fang17,
	adsnote = {Provided by the SAO/NASA Astrophysics Data System},
	adsurl = {http://adsabs.harvard.edu/abs/2017A\%26A...603A.132F},
	archiveprefix = {arXiv},
	author = {{Fang}, M. and {Sicilia-Aguilar}, A. and {Wilner}, D. and {Wang}, Y. and {Roccatagliata}, V. and {Fedele}, D. and {Wang}, J.~Z.},
	doi = {10.1051/0004-6361/201628792},
	eid = {A132},
	eprint = {1705.01917},
	journal = {\aap},
	keywords = {circumstellar matter, stars: pre-main sequence, binaries: spectroscopic, stars: individual: GW Orionis},
	month = jul,
	pages = {A132},
	primaryclass = {astro-ph.SR},
	title = {{Millimeter observations of the disk around GW Orionis}},
	volume = 603,
	year = 2017
}

@article{husser13,
	adsnote = {Provided by the SAO/NASA Astrophysics Data System},
	adsurl = {http://adsabs.harvard.edu/abs/2013A\%26A...553A...6H},
	archiveprefix = {arXiv},
	author = {{Husser}, T.-O. and {Wende-von Berg}, S. and {Dreizler}, S. and {Homeier}, D. and {Reiners}, A. and {Barman}, T. and {Hauschildt}, P.~H.},
	doi = {10.1051/0004-6361/201219058},
	eid = {A6},
	eprint = {1303.5632},
	journal = {\aap},
	keywords = {stars: atmospheres, convection, stars: late-type},
	month = may,
	pages = {A6},
	primaryclass = {astro-ph.SR},
	title = {{A new extensive library of PHOENIX stellar atmospheres and synthetic spectra}},
	volume = 553,
	year = 2013
}

@article{fekel81,
	adsnote = {Provided by the SAO/NASA Astrophysics Data System},
	adsurl = {http://adsabs.harvard.edu/abs/1981ApJ...246..879F},
	author = {{Fekel}, Jr., F.~C.},
	doi = {10.1086/158981},
	journal = {\apj},
	keywords = {Binary Stars, Fission, Fragmentation, Stellar Evolution, Stellar Motions, Abundance, Lithium, Mass Ratios, Orbital Elements, Stellar Mass, Stellar Rotation, Stellar Spectrophotometry},
	month = jun,
	pages = {879--898},
	title = {{The properties of close multiple stars}},
	volume = 246,
	year = 1981
}

@article{sheehan14,
	adsnote = {Provided by the SAO/NASA Astrophysics Data System},
	adsurl = {http://adsabs.harvard.edu/abs/2014ApJ...791...19S},
	archiveprefix = {arXiv},
	author = {{Sheehan}, P.~D. and {Eisner}, J.~A.},
	doi = {10.1088/0004-637X/791/1/19},
	eid = {19},
	eprint = {1405.7959},
	journal = {\apj},
	keywords = {binaries: general, protoplanetary disks, stars: formation, stars: individual: GV Tau, techniques: high angular resolution },
	month = aug,
	pages = {19},
	primaryclass = {astro-ph.SR},
	title = {{Constraining the Disk Masses of the Class I Binary Protostar GV Tau}},
	volume = 791,
	year = 2014
}

@article{eisner12,
	adsnote = {Provided by the SAO/NASA Astrophysics Data System},
	adsurl = {http://adsabs.harvard.edu/abs/2012ApJ...755...23E},
	archiveprefix = {arXiv},
	author = {{Eisner}, J.~A.},
	doi = {10.1088/0004-637X/755/1/23},
	eid = {23},
	eprint = {1206.1345},
	journal = {\apj},
	keywords = {circumstellar matter, stars: formation, stars: individual: IRAS 04016+2610 IRAS 04166+2706 IRAS04169+2702 IRAS 04287+1801 IRAS 04295+2251 IRAS 04302+2247 IRAS 04361+2547 IRAS 04365+2535, techniques: high angular resolution},
	month = aug,
	pages = {23},
	title = {{Disk Masses at the End of the Main Accretion Phase: CARMA Observations and Multi-wavelength Modeling of Class I Protostars}},
	volume = 755,
	year = 2012
}

@article{takakuwa17,
	adsnote = {Provided by the SAO/NASA Astrophysics Data System},
	adsurl = {http://adsabs.harvard.edu/abs/2017ApJ...837...86T},
	archiveprefix = {arXiv},
	author = {{Takakuwa}, S. and {Saigo}, K. and {Matsumoto}, T. and {Saito}, M. and {Lim}, J. and {Hanawa}, T. and {Yen}, H.-W. and {Ho}, P.~T.~P.},
	doi = {10.3847/1538-4357/aa6116},
	eid = {86},
	eprint = {1702.05562},
	journal = {\apj},
	keywords = {ISM: individual objects: L1551 NE, ISM: molecules, stars: formation},
	month = mar,
	pages = {86},
	title = {{Spiral Arms, Infall, and Misalignment of the Circumbinary Disk from the Circumstellar Disks in the Protostellar Binary System L1551 NE}},
	volume = 837,
	year = 2017
}

@article{lim16,
	adsnote = {Provided by the SAO/NASA Astrophysics Data System},
	adsurl = {http://adsabs.harvard.edu/abs/2016ApJ...826..153L},
	archiveprefix = {arXiv},
	author = {{Lim}, J. and {Yeung}, P.~K.~H. and {Hanawa}, T. and {Takakuwa}, S. and {Matsumoto}, T. and {Saigo}, K.},
	doi = {10.3847/0004-637X/826/2/153},
	eid = {153},
	eprint = {1607.00323},
	journal = {\apj},
	keywords = {binaries: close, binaries: visual, circumstellar matter, stars: formation, stars: jets, stars: protostars},
	month = aug,
	pages = {153},
	primaryclass = {astro-ph.SR},
	title = {{Rotationally driven Fragmentation in the Formation of the Binary Protostellar System L1551 IRS 5}},
	volume = 826,
	year = 2016
}

@article{capelo12,
	adsnote = {Provided by the SAO/NASA Astrophysics Data System},
	adsurl = {http://adsabs.harvard.edu/abs/2012ApJ...757L..18C},
	archiveprefix = {arXiv},
	author = {{Capelo}, H.~L. and {Herbst}, W. and {Leggett}, S.~K. and {Hamilton}, C.~M. and {Johnson}, J.~A.},
	doi = {10.1088/2041-8205/757/1/L18},
	eid = {L18},
	eprint = {1208.5497},
	journal = {\apjl},
	keywords = {binaries: close, circumstellar matter, planetary systems, protoplanetary disks},
	month = sep,
	pages = {L18},
	primaryclass = {astro-ph.SR},
	title = {{Locating the Trailing Edge of the Circumbinary Ring in the KH 15D System}},
	volume = 757,
	year = 2012
}

@article{dutrey16,
	adsnote = {Provided by the SAO/NASA Astrophysics Data System},
	adsurl = {http://adsabs.harvard.edu/abs/2016A\%26ARv..24....5D},
	author = {{Dutrey}, A. and {Di Folco}, E. and {Beck}, T. and {Guilloteau}, S.},
	doi = {10.1007/s00159-015-0091-5},
	eid = {5},
	journal = {\aapr},
	keywords = {Protoplanetary disks, Stars: multiple systems, Stars: individual (GG Tau), Planet formation},
	month = jan,
	pages = {5},
	title = {{GG Tau: the ringworld and beyond. Mass accretion and planetary formation in young multiple stellar systems}},
	volume = 24,
	year = 2016
}

@article{simon00,
	adsnote = {Provided by the SAO/NASA Astrophysics Data System},
	adsurl = {http://adsabs.harvard.edu/abs/2000ApJ...545.1034S},
	author = {{Simon}, M. and {Dutrey}, A. and {Guilloteau}, S.},
	doi = {10.1086/317838},
	eprint = {astro-ph/0008370},
	journal = {\apj},
	keywords = {Stars: Binaries: Close, Stars: Circumstellar Matter, Radio Lines: Stars, stars: individual (BP Tauri, CY Tauri, DL Tauri, DM Tauri, GG Tauri, GM Aurigae, LkCa 15, MWC 480, UZ Tauri), Stars: Pre-Main-Sequence, Stars: Variables: Other},
	month = dec,
	pages = {1034--1043},
	title = {{Dynamical Masses of T Tauri Stars and Calibration of Pre-Main-Sequence Evolution}},
	volume = 545,
	year = 2000
}

@article{simon17,
	adsnote = {Provided by the SAO/NASA Astrophysics Data System},
	adsurl = {http://adsabs.harvard.edu/abs/2017ApJ...844..158S},
	archiveprefix = {arXiv},
	author = {{Simon}, M. and {Guilloteau}, S. and {Di Folco}, E. and {Dutrey}, A. and {Grosso}, N. and {Pi{\'e}tu}, V. and {Chapillon}, E. and {Prato}, L. and {Schaefer}, G.~H. and {Rice}, E. and {Boehler}, Y.},
	doi = {10.3847/1538-4357/aa78f1},
	eid = {158},
	eprint = {1706.03505},
	journal = {\apj},
	keywords = {stars: pre-main sequence, techniques: interferometric},
	month = aug,
	pages = {158},
	primaryclass = {astro-ph.SR},
	title = {{Dynamical Masses of Low-mass Stars in the Taurus and Ophiuchus Star-forming Regions}},
	volume = 844,
	year = 2017
}

@article{guilloteau99,
	adsnote = {Provided by the SAO/NASA Astrophysics Data System},
	adsurl = {http://adsabs.harvard.edu/abs/1999A\%26A...348..570G},
	author = {{Guilloteau}, S. and {Dutrey}, A. and {Simon}, M.},
	journal = {\aap},
	keywords = {STARS: BINARIES: CLOSE, STARS: CIRCUMSTELLAR MATTER, STARS: INDIVIDUAL: GG TAU, STARS: PRE-MAIN SEQUENCE, RADIO CONTINUUM: STARS, RADIO LINES: STARS},
	month = aug,
	pages = {570--578},
	title = {{GG Tauri: the ring world}},
	volume = 348,
	year = 1999
}

@article{nelson16,
	adsnote = {Provided by the SAO/NASA Astrophysics Data System},
	adsurl = {http://adsabs.harvard.edu/abs/2016ApJ...827...93N},
	archiveprefix = {arXiv},
	author = {{Nelson}, A.~F. and {Marzari}, F.},
	doi = {10.3847/0004-637X/827/2/93},
	eid = {93},
	eprint = {1605.02764},
	journal = {\apj},
	keywords = {accretion, accretion disks, binaries: general, protoplanetary disks, stars: formation, stars: variables: T Tauri, Herbig Ae/Be},
	month = aug,
	pages = {93},
	primaryclass = {astro-ph.SR},
	title = {{Dynamics of Circumstellar Disks. III. The Case of GG Tau A}},
	volume = 827,
	year = 2016
}

@article{raghavan10,
	adsnote = {Provided by the SAO/NASA Astrophysics Data System},
	adsurl = {http://adsabs.harvard.edu/abs/2010ApJS..190....1R},
	archiveprefix = {arXiv},
	author = {{Raghavan}, D. and {McAlister}, H.~A. and {Henry}, T.~J. and {Latham}, D.~W. and {Marcy}, G.~W. and {Mason}, B.~D. and {Gies}, D.~R. and {White}, R.~J. and {ten Brummelaar}, T.~A.},
	doi = {10.1088/0067-0049/190/1/1},
	eprint = {1007.0414},
	journal = {\apjs},
	keywords = {binaries: general, planetary systems, stars: solar-type, stars: statistics, surveys},
	month = sep,
	pages = {1--42},
	primaryclass = {astro-ph.SR},
	title = {{A Survey of Stellar Families: Multiplicity of Solar-type Stars}},
	volume = 190,
	year = 2010
}

@article{rodriguez16,
	adsnote = {Provided by the SAO/NASA Astrophysics Data System},
	adsurl = {http://adsabs.harvard.edu/abs/2016AJ....151...29R},
	archiveprefix = {arXiv},
	author = {{Rodriguez}, J.~E. and {Reed}, P.~A. and {Siverd}, R.~J. and {Pepper}, J. and {Stassun}, K.~G. and {Gaudi}, B.~S. and {Weintraub}, D.~A. and {Beatty}, T.~G. and {Lund}, M.~B. and {Stevens}, D.~J.},
	doi = {10.3847/0004-6256/151/2/29},
	eid = {29},
	eprint = {1512.03745},
	journal = {\aj},
	keywords = {circumstellar matter, protoplanetary disks, stars: individual: RW Aur, stars: pre-main sequence, stars: variables: T Tauri, Herbig Ae/Be},
	month = feb,
	pages = {29},
	primaryclass = {astro-ph.SR},
	title = {{Recurring Occultations of RW Aurigae by Coagulated Dust in the Tidally Disrupted Circumstellar Disk}},
	volume = 151,
	year = 2016
}

@article{yu17,
	adsnote = {Provided by the SAO/NASA Astrophysics Data System},
	adsurl = {http://adsabs.harvard.edu/abs/2017ApJ...841...39Y},
	archiveprefix = {arXiv},
	author = {{Yu}, M. and {Evans}, II, N.~J. and {Dodson-Robinson}, S.~E. and {Willacy}, K. and {Turner}, N.~J.},
	doi = {10.3847/1538-4357/aa6e4c},
	eid = {39},
	eprint = {1704.05508},
	journal = {\apj},
	keywords = {astrochemistry, line: profiles, protoplanetary disks, radiative transfer, submillimeter: planetary systems},
	month = may,
	pages = {39},
	primaryclass = {astro-ph.EP},
	title = {{Disk Masses around Solar-mass Stars are Underestimated by CO Observations}},
	volume = 841,
	year = 2017
}

@article{chiang04,
	adsnote = {Provided by the SAO/NASA Astrophysics Data System},
	adsurl = {http://adsabs.harvard.edu/abs/2004ApJ...607..913C},
	author = {{Chiang}, E.~I. and {Murray-Clay}, R.~A.},
	doi = {10.1086/383522},
	eprint = {astro-ph/0312515},
	journal = {\apj},
	keywords = {Celestial Mechanics, Stars: Circumstellar Matter, Stars: Planetary Systems, Stars: Individual: Alphanumeric: KH 15D, Stars: Pre-Main-Sequence},
	month = jun,
	pages = {913--920},
	title = {{The Circumbinary Ring of KH 15D}},
	volume = 607,
	year = 2004
}

@article{jensen14,
	adsnote = {Provided by the SAO/NASA Astrophysics Data System},
	adsurl = {http://adsabs.harvard.edu/abs/2014Natur.511..567J},
	archiveprefix = {arXiv},
	author = {{Jensen}, E.~L.~N. and {Akeson}, R.},
	doi = {10.1038/nature13521},
	eprint = {1407.8211},
	journal = {\nat},
	month = jul,
	pages = {567--569},
	primaryclass = {astro-ph.SR},
	title = {{Misaligned protoplanetary disks in a young binary star system}},
	volume = 511,
	year = 2014
}

@article{jensen07,
	adsnote = {Provided by the SAO/NASA Astrophysics Data System},
	adsurl = {http://adsabs.harvard.edu/abs/2007AJ....134..241J},
	archiveprefix = {arXiv},
	author = {{Jensen}, E.~L.~N. and {Dhital}, S. and {Stassun}, K.~G. and {Patience}, J. and {Herbst}, W. and {Walter}, F.~M. and {Simon}, M. and {Basri}, G.},
	doi = {10.1086/518408},
	eprint = {0704.0307},
	journal = {\aj},
	keywords = {accretion, accretion disks, binaries: spectroscopic, circumstellar matter, planetary systems: protoplanetary disks, stars: individual: UZ Tauri E, stars: pre-main sequence},
	month = jul,
	pages = {241--251},
	title = {{Periodic Accretion from a Circumbinary Disk in the Young Binary UZ Tau E}},
	volume = 134,
	year = 2007
}

@article{li16,
	adsnote = {Provided by the SAO/NASA Astrophysics Data System},
	adsurl = {http://adsabs.harvard.edu/abs/2016ApJ...831...96L},
	archiveprefix = {arXiv},
	author = {{Li}, G. and {Holman}, M.~J. and {Tao}, M.},
	doi = {10.3847/0004-637X/831/1/96},
	eid = {96},
	eprint = {1608.01768},
	journal = {\apj},
	keywords = {binaries: eclipsing, celestial mechanics, planetary systems},
	month = nov,
	pages = {96},
	primaryclass = {astro-ph.EP},
	title = {{Uncovering Circumbinary Planetary Architectural Properties from Selection Biases}},
	volume = 831,
	year = 2016
}

@article{lacour16,
	adsnote = {Provided by the SAO/NASA Astrophysics Data System},
	adsurl = {http://adsabs.harvard.edu/abs/2016A\%26A...590A..90L},
	archiveprefix = {arXiv},
	author = {{Lacour}, S. and {Biller}, B. and {Cheetham}, A. and {Greenbaum}, A. and {Pearce}, T. and {Marino}, S. and {Tuthill}, P. and {Pueyo}, L. and {Mamajek}, E.~E. and {Girard}, J.~H. and {Sivaramakrishnan}, A. and {Bonnefoy}, M. and {Baraffe}, I. and {Chauvin}, G. and {Olofsson}, J. and {Juhasz}, A. and {Benisty}, M. and {Pott}, J.-U. and {Sicilia-Aguilar}, A. and {Henning}, T. and {Cardwell}, A. and {Goodsell}, S. and {Graham}, J.~R. and {Hibon}, P. and {Ingraham}, P. and {Konopacky}, Q. and {Macintosh}, B. and {Oppenheimer}, R. and {Perrin}, M. and {Rantakyr{\"o}}, F. and {Sadakuni}, N. and {Thomas}, S.},
	doi = {10.1051/0004-6361/201527863},
	eid = {A90},
	eprint = {1511.09390},
	journal = {\aap},
	keywords = {protoplanetary disks, planet-disk interactions, binaries: visual, stars: variables: T Tauri, Herbig Ae/Be},
	month = may,
	pages = {A90},
	primaryclass = {astro-ph.SR},
	title = {{An M-dwarf star in the transition disk of Herbig HD 142527. Physical parameters and orbital elements}},
	volume = 590,
	year = 2016
}

@article{biller12,
	adsnote = {Provided by the SAO/NASA Astrophysics Data System},
	adsurl = {http://adsabs.harvard.edu/abs/2012ApJ...753L..38B},
	archiveprefix = {arXiv},
	author = {{Biller}, B. and {Lacour}, S. and {Juh{\'a}sz}, A. and {Benisty}, M. and {Chauvin}, G. and {Olofsson}, J. and {Pott}, J.-U. and {M{\"u}ller}, A. and {Sicilia-Aguilar}, A. and {Bonnefoy}, M. and {Tuthill}, P. and {Thebault}, P. and {Henning}, T. and {Crida}, A.},
	doi = {10.1088/2041-8205/753/2/L38},
	eid = {L38},
	eprint = {1206.2654},
	journal = {\apjl},
	keywords = {brown dwarfs, circumstellar matter, planetary systems, stars: emission-line, Be, stars: low-mass},
	month = jul,
	pages = {L38},
	primaryclass = {astro-ph.SR},
	title = {{A Likely Close-in Low-mass Stellar Companion to the Transitional Disk Star HD 142527}},
	volume = 753,
	year = 2012
}

@article{owen17,
	adsnote = {Provided by the SAO/NASA Astrophysics Data System},
	adsurl = {http://adsabs.harvard.edu/abs/2017MNRAS.469.2834O},
	archiveprefix = {arXiv},
	author = {{Owen}, J.~E. and {Lai}, D.},
	doi = {10.1093/mnras/stx1033},
	eprint = {1703.09250},
	journal = {\mnras},
	keywords = {accretion, accretion discs, protoplanetary discs, binaries: general, stars: individual: HD 142527},
	month = aug,
	pages = {2834--2844},
	primaryclass = {astro-ph.SR},
	title = {{Generating large misalignments in gapped and binary discs}},
	volume = 469,
	year = 2017
}

@article{avenhaus14,
	adsnote = {Provided by the SAO/NASA Astrophysics Data System},
	adsurl = {http://adsabs.harvard.edu/abs/2014ApJ...781...87A},
	archiveprefix = {arXiv},
	author = {{Avenhaus}, H. and {Quanz}, S.~P. and {Schmid}, H.~M. and {Meyer}, M.~R. and {Garufi}, A. and {Wolf}, S. and {Dominik}, C.},
	doi = {10.1088/0004-637X/781/2/87},
	eid = {87},
	eprint = {1311.7088},
	journal = {\apj},
	keywords = {planet-disk interactions, protoplanetary disks, stars: formation, stars: individual: HD142527, stars: pre-main sequence},
	month = feb,
	pages = {87},
	primaryclass = {astro-ph.SR},
	title = {{Structures in the Protoplanetary Disk of HD142527 Seen in Polarized Scattered Light}},
	volume = 781,
	year = 2014
}

@article{marino15,
	adsnote = {Provided by the SAO/NASA Astrophysics Data System},
	adsurl = {http://adsabs.harvard.edu/abs/2015ApJ...798L..44M},
	archiveprefix = {arXiv},
	author = {{Marino}, S. and {Perez}, S. and {Casassus}, S.},
	doi = {10.1088/2041-8205/798/2/L44},
	eid = {L44},
	eprint = {1412.4632},
	journal = {\apjl},
	keywords = {planet-disk interactions, protoplanetary disks, stars: individual: HD 142527 },
	month = jan,
	pages = {L44},
	primaryclass = {astro-ph.EP},
	title = {{Shadows Cast by a Warp in the HD 142527 Protoplanetary Disk}},
	volume = 798,
	year = 2015
}

@article{hartman16,
	adsnote = {Provided by the SAO/NASA Astrophysics Data System},
	adsurl = {http://adsabs.harvard.edu/abs/2016A\%26C....17....1H},
	archiveprefix = {arXiv},
	author = {{Hartman}, J.~D. and {Bakos}, G.~{\'A}.},
	doi = {10.1016/j.ascom.2016.05.006},
	eprint = {1605.06811},
	journal = {Astronomy and Computing},
	keywords = {Methods: data analysis, Methods: statistical, Time, Techniques: photometric},
	month = oct,
	pages = {1--72},
	primaryclass = {astro-ph.IM},
	title = {{VARTOOLS: A program for analyzing astronomical time-series data}},
	volume = 17,
	year = 2016
}

@article{bouvier90,
	adsnote = {Provided by the SAO/NASA Astrophysics Data System},
	adsurl = {http://adsabs.harvard.edu/abs/1990AJ.....99..946B},
	author = {{Bouvier}, J.},
	doi = {10.1086/115386},
	journal = {\aj},
	keywords = {Dynamo Theory, Emission Spectra, Magnetoactivity, Stellar Magnetic Fields, Stellar Rotation, T Tauri Stars, Binary Stars, Dwarf Stars, Late Stars, Stellar Coronas, Stellar Spectra, X Ray Sources},
	month = mar,
	pages = {946--964},
	title = {{Rotation in T Tauri stars. II - Clues for magnetic activity}},
	volume = 99,
	year = 1990
}

@article{hauschildt99,
	adsnote = {Provided by the SAO/NASA Astrophysics Data System},
	adsurl = {http://adsabs.harvard.edu/abs/1999ApJ...525..871H},
	author = {{Hauschildt}, P.~H. and {Allard}, F. and {Ferguson}, J. and {Baron}, E. and {Alexander}, D.~R.},
	doi = {10.1086/307954},
	eprint = {astro-ph/9907194},
	journal = {\apj},
	keywords = {RADIATIVE TRANSFER, STARS: ATMOSPHERES, STARS: LATE-TYPE, Radiative Transfer, Stars: Atmospheres, Stars: Late-Type},
	month = nov,
	pages = {871--880},
	title = {{The NEXTGEN Model Atmosphere Grid. II. Spherically Symmetric Model Atmospheres for Giant Stars with Effective Temperatures between 3000 and 6800 K}},
	volume = 525,
	year = 1999
}

@article{andrews10,
	adsnote = {Provided by the SAO/NASA Astrophysics Data System},
	adsurl = {http://adsabs.harvard.edu/abs/2010ApJ...710..462A},
	archiveprefix = {arXiv},
	author = {{Andrews}, S.~M. and {Czekala}, I. and {Wilner}, D.~J. and {Espaillat}, C. and {Dullemond}, C.~P. and {Hughes}, A.~M.},
	doi = {10.1088/0004-637X/710/1/462},
	eprint = {0912.3537},
	journal = {\apj},
	keywords = {binaries: spectroscopic, binaries: visual, circumstellar matter, protoplanetary disks, stars: pre-main sequence},
	month = feb,
	pages = {462--469},
	primaryclass = {astro-ph.SR},
	title = {{Truncated Disks in TW Hya Association Multiple Star Systems}},
	volume = 710,
	year = 2010
}

@article{bate12,
	adsnote = {Provided by the SAO/NASA Astrophysics Data System},
	adsurl = {http://adsabs.harvard.edu/abs/2012MNRAS.419.3115B},
	archiveprefix = {arXiv},
	author = {{Bate}, M.~R.},
	doi = {10.1111/j.1365-2966.2011.19955.x},
	eprint = {1110.1092},
	journal = {\mnras},
	keywords = {hydrodynamics, radiative transfer, binaries: general, stars: formation, stars: low-mass, stars: luminosity function, mass function},
	month = feb,
	pages = {3115--3146},
	primaryclass = {astro-ph.SR},
	title = {{Stellar, brown dwarf and multiple star properties from a radiation hydrodynamical simulation of star cluster formation}},
	volume = 419,
	year = 2012
}

@article{skrutskie06,
	adsnote = {Provided by the SAO/NASA Astrophysics Data System},
	adsurl = {http://adsabs.harvard.edu/abs/2006AJ....131.1163S},
	author = {{Skrutskie}, M.~F. and {Cutri}, R.~M. and {Stiening}, R. and {Weinberg}, M.~D. and {Schneider}, S. and {Carpenter}, J.~M. and {Beichman}, C. and {Capps}, R. and {Chester}, T. and {Elias}, J. and {Huchra}, J. and {Liebert}, J. and {Lonsdale}, C. and {Monet}, D.~G. and {Price}, S. and {Seitzer}, P. and {Jarrett}, T. and {Kirkpatrick}, J.~D. and {Gizis}, J.~E. and {Howard}, E. and {Evans}, T. and {Fowler}, J. and {Fullmer}, L. and {Hurt}, R. and {Light}, R. and {Kopan}, E.~L. and {Marsh}, K.~A. and {McCallon}, H.~L. and {Tam}, R. and {Van Dyk}, S. and {Wheelock}, S.},
	doi = {10.1086/498708},
	journal = {\aj},
	keywords = {Catalogs, Infrared: General, Surveys},
	month = feb,
	pages = {1163--1183},
	title = {{The Two Micron All Sky Survey (2MASS)}},
	volume = 131,
	year = 2006
}

@article{cardelli89,
	adsnote = {Provided by the SAO/NASA Astrophysics Data System},
	adsurl = {http://adsabs.harvard.edu/abs/1989ApJ...345..245C},
	author = {{Cardelli}, J.~A. and {Clayton}, G.~C. and {Mathis}, J.~S.},
	doi = {10.1086/167900},
	journal = {\apj},
	keywords = {Infrared Spectra, Interstellar Extinction, Ultraviolet Spectra, Visible Spectrum, Computational Astrophysics, Interstellar Matter, Iue},
	month = oct,
	pages = {245--256},
	title = {{The relationship between infrared, optical, and ultraviolet extinction}},
	volume = 345,
	year = 1989
}

@article{calvet04,
	adsnote = {Provided by the SAO/NASA Astrophysics Data System},
	adsurl = {http://adsabs.harvard.edu/abs/2004AJ....128.1294C},
	author = {{Calvet}, N. and {Muzerolle}, J. and {Brice{\~n}o}, C. and {Hern{\'a}ndez}, J. and {Hartmann}, L. and {Saucedo}, J.~L. and {Gordon}, K.~D.},
	doi = {10.1086/422733},
	journal = {\aj},
	keywords = {Accretion, Accretion Disks, Stars: Circumstellar Matter, Stars: Formation, Stars: Pre-Main-Sequence},
	month = sep,
	pages = {1294--1318},
	title = {{The Mass Accretion Rates of Intermediate-Mass T Tauri Stars}},
	volume = 128,
	year = 2004
}

@inproceedings{mcmullin07,
	adsnote = {Provided by the SAO/NASA Astrophysics Data System},
	adsurl = {http://adsabs.harvard.edu/abs/2007ASPC..376..127M},
	author = {{McMullin}, J.~P. and {Waters}, B. and {Schiebel}, D. and {Young}, W. and {Golap}, K.},
	booktitle = {{Astronomical Data Analysis Software and Systems XVI}},
	editor = {{Shaw}, R.~A. and {Hill}, F. and {Bell}, D.~J.},
	month = oct,
	pages = {127},
	series = {{Astronomical Society of the Pacific Conference Series}},
	title = {{CASA Architecture and Applications}},
	volume = 376,
	year = 2007
}

@inproceedings{tody93,
	adsnote = {Provided by the SAO/NASA Astrophysics Data System},
	adsurl = {http://adsabs.harvard.edu/abs/1993ASPC...52..173T},
	author = {{Tody}, D.},
	booktitle = {{Astronomical Data Analysis Software and Systems II}},
	editor = {{Hanisch}, R.~J. and {Brissenden}, R.~J.~V. and {Barnes}, J.},
	month = jan,
	pages = {173},
	series = {{Astronomical Society of the Pacific Conference Series}},
	title = {{IRAF in the Nineties}},
	volume = 52,
	year = 1993
}

@inproceedings{tody86,
	adsnote = {Provided by the SAO/NASA Astrophysics Data System},
	adsurl = {http://adsabs.harvard.edu/abs/1986SPIE..627..733T},
	author = {{Tody}, D.},
	booktitle = {{Instrumentation in astronomy VI}},
	doi = {10.1117/12.968154},
	editor = {{Crawford}, D.~L.},
	month = jan,
	pages = {733},
	series = {{\procspie}},
	title = {{The IRAF Data Reduction and Analysis System}},
	volume = 627,
	year = 1986
}

